@book{aiw,
    title = "Alice's Adventures in Wonderland",
    author = "Lewis Carroll (Charles L. Dodgson)",
    publisher = "George MacDonald",
    year = 1865
}

@inproceedings{rcnn,
  title={Fast r-cnn},
  author={Girshick, Ross},
  booktitle={Proceedings of the IEEE International Conference on Computer Vision},
  pages={1440--1448},
  year={2015}
}

@misc{tale,
  title = {Rabbit's Ph.D. Thesis and Lion's Watch Repair Business},
  howpublished = {\url{https://www.cs.hmc.edu/~fleck/parable.html}},
  note = {Accessed: 2016-04-20}
}

@article{residual,
  title={Deep Residual Learning for Image Recognition},
  author={He, Kaiming and Zhang, Xiangyu and Ren, Shaoqing and Sun, Jian},
  journal={arXiv preprint arXiv:1512.03385},
  year={2015}
}

@article{cylinder,
  title={Symbolic reasoning among 3-D models and 2-D images},
  author={Brooks, Rodney A},
  journal={Artificial intelligence},
  volume={17},
  number={1},
  pages={285--348},
  year={1981},
  publisher={Elsevier}
}

@article{vidAbstraction,
  title={Video abstraction: A systematic review and classification},
  author={Truong, Ba Tu and Venkatesh, Svetha},
  journal={ACM TOMM},
  volume={3},
  number={1},
  pages={3},
  year={2007}
}

@ARTICLE{ivannew,
   author = {{Alayrac}, J.-B. and {Bojanowski}, P. and {Agrawal}, N. and 
    {Sivic}, J. and {Laptev}, I. and {Lacoste-Julien}, S.},
    title = "{Learning from narrated instruction videos}",
  journal = {ArXiv e-prints},
archivePrefix = "arXiv",
   eprint = {1506.09215},
 primaryClass = "cs.CV",
 keywords = {Computer Science - Computer Vision and Pattern Recognition, Computer Science - Learning, I.5.1, I.5.4, I.2},
     year = 2015,
    month = jun,
   adsurl = {http://adsabs.harvard.edu/abs/2015arXiv150609215A},
  adsnote = {Provided by the SAO/NASA Astrophysics Data System}
}



@article{beyondSearch,
  title={Beyond search: event-driven summarization for web videos},
  author={Hong, Richang and Tang, Jinhui and Tan, Hung-Khoon and Ngo, Chong-Wah and Yan, Shuicheng and Chua, Tat-Seng},
  journal={ACM TOMM},
  volume={7},
  number={4},
  pages={35},
  year={2011}
}


@ARTICLE{deepAlignment,
   author = {{Karpathy}, A. and {Fei-Fei}, L.},
    title = "{Deep Visual-Semantic Alignments for Generating Image Descriptions}",
  journal = {ArXiv e-prints},
archivePrefix = "arXiv",
   eprint = {1412.2306},
 primaryClass = "cs.CV",
 keywords = {Computer Science - Computer Vision and Pattern Recognition},
     year = 2014,
    month = dec,
   adsurl = {http://adsabs.harvard.edu/abs/2014arXiv1412.2306K},
  adsnote = {Provided by the SAO/NASA Astrophysics Data System}
}



@incollection{farhadi2010every,
  title={Every picture tells a story: Generating sentences from images},
  author={Farhadi, Ali and Hejrati, Mohsen and Sadeghi, Mohammad Amin and Young, Peter and Rashtchian, Cyrus and Hockenmaier, Julia and Forsyth, David},
  journal={ECCV 2010},
  year={2010}
  }


@article{socher2014grounded,
  title={Grounded compositional semantics for finding and describing images with sentences},
  author={Socher, Richard and Karpathy, Andrej and Le, Quoc V and Manning, Christopher D and Ng, Andrew Y},
  journal={TACL},
  volume={2},
  pages={207--218},
  year={2014}
}


@inproceedings{kiros2014multimodal,
  title={Multimodal neural language models},
  author={Kiros, Ryan and Salakhutdinov, Ruslan and Zemel, Rich},
  booktitle={ICML},
  year={2014}
}


@inproceedings{ordonez2011im2text,
  title={Im2text: Describing images using 1 million captioned photographs},
  author={Ordonez, Vicente and Kulkarni, Girish and Berg, Tamara L},
  booktitle={NIPS},
  year={2011}
}


@inproceedings{yu2013grounded,
  title={Grounded Language Learning from Video Described with Sentences.},
  author={Yu, Haonan and Siskind, Jeffrey Mark},
  booktitle={ACL},
  year={2013}
}


@inproceedings{motwani2012improving,
  title={Improving Video Activity Recognition using Object Recognition and Text Mining.},
  author={Motwani, Tanvi S and Mooney, Raymond J},
  booktitle={ECAI},
  year={2012}
}


@inproceedings{fidler2013sentence,
  title={A sentence is worth a thousand pixels},
  author={Fidler, Sanja and Sharma, Abhishek and Urtasun, Raquel},
  booktitle={CVPR},
  year={2013},
  organization={IEEE}
}

@inproceedings{zitnick2013bringing,
  title={Bringing semantics into focus using visual abstraction},
  author={Zitnick, C Lawrence and Parikh, Devi},
  booktitle={CVPR},
  year={2013}
}

@inproceedings{kong2014you,
  title={What are you talking about? text-to-image coreference},
  author={Kong, Chen and Lin, Dahua and Bansal, Mohit and Urtasun, Raquel and Fidler, Sanja},
  booktitle={CVPR},
  year={2014}
}


@inproceedings{zitnick2013learning,
  title={Learning the visual interpretation of sentences},
  author={Zitnick, C Lawrence and Parikh, Devi and Vanderwende, Lucy},
  booktitle={CVPR},
  year={2013}
}


@article{matching,
  title={Matching words and pictures},
  author={Barnard, Kobus and Duygulu, Pinar and Forsyth, David and De Freitas, Nando and Blei, David M and Jordan, Michael I},
  journal={JMLR},
  volume={3},
  pages={1107--1135},
  year={2003},
  publisher={JMLR. org}
}


@inproceedings{connecting,
  title={Connecting modalities: Semi-supervised segmentation and annotation of images using unaligned text corpora},
  author={Socher, Richard and Fei-Fei, Li},
  booktitle={CVPR},
  pages={966--973},
  year={2010}
}


@incollection{createSum,
  title={Creating summaries from user videos},
  author={Gygli, Michael and Grabner, Helmut and Riemenschneider, Hayko and Van Gool, Luc},
  booktitle={ECCV},
  year={2014}
}

@inproceedings{lee2012discovering,
  title={Discovering important people and objects for egocentric video summarization.},
  author={Lee, Yong Jae and Ghosh, Joydeep and Grauman, Kristen},
  booktitle={CVPR},
  year={2012}
}

@inproceedings{rui2000automatically,
  title={Automatically extracting highlights for TV baseball programs},
  author={Rui, Yong and Gupta, Anoop and Acero, Alex},
  booktitle={ACM MM},
  year={2000},
}

@incollection{potapov2014category,
  title={Category-specific video summarization},
  author={Potapov, Danila and Douze, Matthijs and Harchaoui, Zaid and Schmid, Cordelia},
  booktitle={ECCV},
  year={2014},
}

@inproceedings{alexnet,
  title={Imagenet classification with deep convolutional neural networks},
  author={Krizhevsky, Alex and Sutskever, Ilya and Hinton, Geoffrey E},
  booktitle={NIPS},
  year={2012}
}

@article{liao05,
  title={Clustering of time series dataâ€”a survey},
  author={Liao, T Warren},
  journal={Pattern recognition},
  volume={38},
  number={11},
  pages={1857--1874},
  year={2005},
  publisher={Elsevier}
}


@article{languageModel,
  title={A mathematical theory of communication},
  author={Shannon, Claude Elwood},
  journal={ACM SIGMOBILE Mobile Computing and Communications Review},
  volume={5},
  number={1},
  pages={3--55},
  year={2001},
  publisher={ACM}
}


@inproceedings{kim2014joint,
  title={Joint summarization of large-scale collections of web images and videos for storyline reconstruction},
  author={Kim, Gunhee and Sigal, Leonid and Xing, Eric P},
  booktitle={CVPR},
  year={2014},
}


@inproceedings{lu2013story,
  title={Story-driven summarization for egocentric video},
  author={Lu, Zheng and Grauman, Kristen},
  booktitle={CVPR},
  year={2013}
}

@inproceedings{khosla2013large,
  title={Large-scale video summarization using web-image priors},
  author={Khosla, Aditya and Hamid, Raffay and Lin, Chih-Jen and Sundaresan, Neel},
  booktitle={CVPR},
  year={2013}
}

@inproceedings{logicRecipe,
  title={Understanding and executing instructions for everyday manipulation tasks from the world wide web},
  author={Tenorth, Moritz and Nyga, Daniel and Beetz, Michael},
  booktitle={ICRA},
  year={2010}
}

@inproceedings{flowGraph,
  title={Flow graph corpus from recipe texts},
  author={Mori, Shinsuke and Maeta, Hirokuni and Yamakata, Yoko and Sasada, Tetsuro},
  booktitle={LREC},
  year={2014}
}

@inproceedings{cookie,
  title={Bakebot: Baking cookies with the pr2},
  author={Bollini, Mario and Barry, Jennifer and Rus, Daniela},
  booktitle={The PR2 Workshop, IROS},
  year={2011}
}


@inproceedings{beetz,
  title={Robotic roommates making pancakes},
  author={Beetz, Michael and Klank, Ulrich and Kresse, Ingo and Maldonado, Alexis and Mosenlechner, L and Pangercic, Dejan and Ruhr, T and Tenorth, Moritz},
  booktitle={Humanoids},
  year={2011}
}


@article{cookingSemantics,
  title={Cooking with semantics},
  author={Malmaud, Jon and Wagner, Earl J and Chang, Nancy and Murphy, Kevin},
  journal={ACL},
  year={2014}
}


@ARTICLE{alignment,
   author = {{Malmaud}, J. and {Huang}, J. and {Rathod}, V. and {Johnston}, N. and
	{Rabinovich}, A. and {Murphy}, K.},
    title = "{What's Cookin'? Interpreting Cooking Videos using Text, Speech and Vision}",
  journal = {ArXiv e-prints},
archivePrefix = "arXiv",
   eprint = {1503.01558},
 primaryClass = "cs.CL",
 keywords = {Computer Science - Computation and Language, Computer Science - Computer Vision and Pattern Recognition, Computer Science - Information Retrieval},
     year = 2015,
    month = mar,
   adsurl = {http://adsabs.harvard.edu/abs/2015arXiv150301558M},
  adsnote = {Provided by the SAO/NASA Astrophysics Data System}
}

@inproceedings{storyGraph,
  title={Reconstructing Storyline Graphs for Image Recommendation from Web Community Photos},
  author={Kim, Gunhee and Xing, Eric P},
  booktitle={CVPR},
  year={2014}
}

@article{photoshop,
  title={Generating photo manipulation tutorials by demonstration},
  author={Grabler, Floraine and Agrawala, Maneesh and Li, Wilmot and Dontcheva, Mira and Igarashi, Takeo},
  journal={TOG},
  volume={28},
  number={3},
  pages={66},
  year={2009},
  publisher={ACM}
}

@inproceedings{keysegments,
  title={Key-segments for video object segmentation},
  author={Lee, Yong Jae and Kim, Jaechul and Grauman, Kristen},
  booktitle={ICCV},
  year={2011}
}



@article{foxBPHMM,
title={Joint Modeling of Multiple Related Time Series via the Beta Process with Application to Motion Capture Segmentation},
author={Fox, E.B. and Hughes, M.C. and Sudderth, E.B. and Jordan, M.I.},
journal={Annals of Applied Statistics},
volume={8},
number={3},
pages={1281--1313},
year={2014},
}

@misc{wikiHow ,
  title = {WikiHow-How to do anything},
  howpublished = {\url{http://www.wikihow.com}},
  year={2015},
}
@INPROCEEDINGS{rabiner,
    author = {Lawrence R. Rabiner},
    title = {A tutorial on hidden Markov models and selected applications in speech recognition},
    booktitle = {PROCEEDINGS OF THE IEEE},
    year = {1989},
    pages = {257--286},
    publisher = {}
}

@inproceedings{cpmc,
  title={Constrained parametric min-cuts for automatic object segmentation},
  author={Carreira, Joao and Sminchisescu, Cristian},
  booktitle={CVPR},
  year={2010}
}


@inproceedings{npActivity,
  title={Nonparametric discovery of activity patterns from video collections},
  author={Hughes, Michael C and Sudderth, Erik B},
  booktitle={CVPR Workshop},
  pages={25--32},
  year={2012}
}


@article{ibp,
  title={Infinite latent feature models and the Indian buffet process},
  author={Griffiths, Thomas and Ghahramani, Zoubin},
  year={2005},
  journal={Gatsby Unit}
}



@inproceedings{scgp,
  title={Single-Cluster Spectral Graph Partitioning for Robotics Applications.},
  author={Olson, Edwin and Walter, Matthew and Teller, Seth J and Leonard, John J},
  booktitle={RSS},
  year={2005}
}


@incollection{scgp_eigen,
  title={A factorization approach to grouping},
  author={Perona, Pietro and Freeman, William},
  booktitle={ECCV},
  year={1998}
}



@inproceedings{laptev08_cvpr,
	Author = {Ivan Laptev and Marcin Marszalek and Cordelia Schmid and Benjamin Rozenfeld},
	Booktitle = {CVPR},
	Title = {Learning realistic human actions from movies},
	Year = {2008}}

	@inproceedings{efros03_iccv,
	Author = {Alexei A. Efros and Alexander C. Berg and Greg Mori and Jitendra Malik},
	Booktitle = {ICCV},
	Title = {Recognizing Action at a Distance},
	Year = {2003}}


@inproceedings{ryoo09_iccv,
	Author = {M. Ryoo and J. Aggarwal},
	Booktitle = {ICCV},
	Title = {Spatio-Temporal Relationship Match: Video Structure Comparison for Recognition of Complex Human Activities},
	Year = {2009}
}


@inproceedings{pirsiavash14_cvpr,
  author = {H. Pirsiavash and D. Ramanan},
  title = {Parsing videos of actions with segmental grammars},
  booktitle = {CVPR},
  year = {2014}
}

@inproceedings{duchenne09_iccv,
	Author = {Olivier Duchenne and Ivan Laptev and Josef Sivic and Francis Bash and Jean Ponce},
	Booktitle = {ICCV},
	Title = {Automatic Annotation of Human Actions in Video},
	Year = {2009}
	}

	@inproceedings{hoai11_cvpr,
Author = {Minh Hoai and Zhen-Zhong Lan and Fernando {De la Torre}},
Booktitle = {CVPR},
Title = {Joint Segmentation and Classification of Human Actions in Video},
Year = {2011}}


@inproceedings{laptev07_iccv,
	Author = {Ivan Laptev and Patrick P\'{e}rez},
	Booktitle = {ICCV},
	Title = {Retrieving actions in movies},
	Year = {2007}}


@InProceedings{bojanowski14_eccv,
	author = "Bojanowski, P. and Lajugie, R. and Bach, F. and Laptev, I. and Ponce, J. and Schmid, C. and Sivic, J.",
	title = "Weakly Supervised Action Labeling in Videos Under Ordering Constraints",
	booktitle= "ECCV",
	year = "2014"
}


@inproceedings{niebles10_eccv,
	Author = {Juan Carlos Niebles and Chih-Wei Chen and Li Fei-Fei},
	Booktitle = {ECCV},
	Title = {Modeling Temporal Structure of Decomposable Motion Segments for Activity Classification},
	Year = {2010}}


	@inproceedings{yao10b_cvpr,
	Author = {Bangpeng Yao and Li Fei-Fei},
	Booktitle = {CVPR},
	Title = {Modeling Mutual Context of Object and Human Pose in Human-Object Interaction Activities},
	Year = {2010}}



  @inproceedings{jain13_cvpr,
Author = {M. Jain and H. Jegou and P. Bouthemy},
Booktitle = {CVPR},
Title = {Better exploiting motion for better action recognition},
Year = {2013}}



@inproceedings{lan14_eccv,
  author = {Tian Lan and Tsung-Chuan Chen and Silvio Savarese},
  title = {A Hierarchical Representation for Future Action Prediction},
  booktitle = {ECCV},
  year = {2014}
}


@inproceedings{lan14_vs,
  author = {Tian Lan and Lei Chen and Zhiwei Deng and Guang-Tong Zhou and Greg Mori},
  title = {Learning Action Primitives for Multi-Level Video Event Understanding},
  booktitle = {Workshop on Visual Surveillance and Re-Identification},
  year = {2014}
}


@misc{THUMOS14,
     author = "Jiang, Y.-G. and Liu, J. and Roshan Zamir, A. and Toderici, G. and Laptev,
     I. and Shah, M. and Sukthankar, R.",
     title = "{THUMOS} Challenge: Action Recognition with a Large
     Number of Classes",
     howpublished = "\url{http://crcv.ucf.edu/THUMOS14/}",
     Year = {2014}
     }


  @article{jainuniversity,
  title={University of Amsterdam at THUMOS Challenge 2014},
  author={Jain, Mihir and van Gemert, Jan and Snoek, Cees GM},
  journal = {ECCV International Workshop and Competition on Action Recognition with a Large Number of Classes},
  year={2014}
}


@article{oneata2014lear,
  title={The LEAR submission at Thumos 2014},
  author={Oneata, Dan and Verbeek, Jakob and Schmid, Cordelia},
  journal = {ECCV International Workshop and Competition on Action Recognition with a Large Number of Classes},
  year={2014}
}


@inproceedings{kuehne2011hmdb,
  title={HMDB: a large video database for human motion recognition},
  author={Kuehne, Hildegard and Jhuang, Hueihan and Garrote, Est{\'\i}baliz and Poggio, Tomaso and Serre, Thomas},
  booktitle={ICCV},
  year={2011}
}


@inproceedings{UCF101,
   author = {Soomro, K. and Roshan Zamir, A. and Shah, M.},
   booktitle = {CRCV-TR-12-01},
   title = {{UCF101}: A Dataset of 101 Human Actions Classes From
   Videos in The Wild},
   year = {2012}}


   @inproceedings{sun2014discover,
  title={DISCOVER: Discovering Important Segments for Classification of Video Events and Recounting},
  author={Sun, Chen and Nevatia, Ram},
  booktitle={CVPR},
  year={2014}
}


@article{barbu2012video,
  title={Video in sentences out},
  author={Barbu, Andrei and Bridge, Alexander and Burchill, Zachary and Coroian, Dan and Dickinson, Sven and Fidler, Sanja and Michaux, Aaron and Mussman, Sam and Narayanaswamy, Siddharth and Salvi, Dhaval and others},
  journal={arXiv preprint arXiv:1204.2742},
  year={2012}
}


@inproceedings{das2013thousand,
  title={A thousand frames in just a few words: Lingual description of videos through latent topics and sparse object stitching},
  author={Das, Pradipto and Xu, Chenliang and Doell, Richard F and Corso, Jason J},
  booktitle={CVPR},
  year={2013}
  }


@inproceedings{gupta2009understanding,
  title={Understanding videos, constructing plots learning a visually grounded storyline model from annotated videos},
  author={Gupta, Abhinav and Srinivasan, Praveen and Shi, Jianbo and Davis, Larry S},
  booktitle={CVPR},
  year={2009}
}

@inproceedings{mohamed2011deep,
  title={Deep belief networks using discriminative features for phone recognition},
  author={A.~R.~Mohamed and T.~N.~Sainath and G.~Dahl and B.~Ramabhadran and G.~E.~Hinton and M.~A.~Picheny},
  booktitle={(ICASSP)},
  pages={5060--5063},
  year={2011}
}

@book{manning2008introduction,
  title={Introduction to information retrieval},
  author={Manning, Christopher D and Raghavan, Prabhakar and Sch{\"u}tze, Hinrich},
  volume={1},
  year={2008},
  publisher={Cambridge university press Cambridge}
}


@article{kalman1960new,
  title={A new approach to linear filtering and prediction problems},
  author={Kalman, R.E.},
  journal={Journal of Basic Engineering},
  volume={82},
  number={1},
  pages={35--45},
  year={1960}
}
@inproceedings{beetzIcra2010,
  title={Understanding and executing instructions for everyday manipulation tasks from the world wide web},
  author={Tenorth, Moritz and Nyga, Daniel and Beetz, Michael},
  booktitle={Robotics and Automation (ICRA), 2010 IEEE International Conference on},
  pages={1486--1491},
  year={2010},
  organization={IEEE}
}


@inproceedings{nikolaidis2013human,
  title={Human-robot collaboration in manufacturing: Quantitative evaluation of predictable, convergent joint action},
  author={S.~Nikolaidis and P.~Lasota and G.~Rossano and C.~Martinez and T.~Fuhlbrigge and J.~Shah},
  booktitle={Intl. Sym. on Robotics},
  year={2013}
}

@article{coyneCosli,
  title={Collecting spatial information for locations in a text-to-scene conversion system},
  author={Rouhizadeh, Masoud and Bauer, Daniel and Coyne, Robert Eric and Rambow, Owen C and Sproat, Richard},
  year={2011},
  journal={Computational Models for Spatial Languages}
}

@inproceedings{guadarramaRss2014,
  title={Open-vocabulary object retrieval},
  author={Guadarrama, Sergio and Rodner, Erik and Saenko, Kate and Zhang, Ning and Farrell, Ryan and Donahue, Jeff and Darrell, Trevor},
  year={2014},
  organization={RSS}
}


@article{openease,
  title={â€œOPEN-EASE â€” A Knowledge Processing Service for Robots and Robotics/AI Researchers},
  author={M.~Beetz and M.~Tenorth and J.~Winkler},
  volume={74},
  journal={TZI Technical Report},
  year={2014},
}


@inproceedings{chen_iccv13,
    Author = {X. Chen and A. Shrivastava and A. Gupta},
    Title = {{NEIL}: {E}xtracting {V}isual {K}nowledge from {W}eb {D}ata},
    Booktitle = {ICCV},
    Year = 2013,
}

@inproceedings{dong2014knowledge,
  title={Knowledge Vault: A Web-scale approach to probabilistic knowledge fusion},
  author={Dong, X.L. and Strohmann, T. and Sun, S. and Zhang, W.},
  booktitle = kdd,
  year = 2014,
}


@inproceedings{saxena_sound_icra09,
  title={Learning Sound Location from a Single Microphone},
  author={Saxena, A. and Ng, A.Y.},
  booktitle={ICRA},
  year={2009}
}

@inproceedings{wulenzsaxena2014_hierarchicalrgbdlabeling,
  title="Hierarchical Semantic Labeling for Task-Relevant RGB-D Perception",
  author="C. Wu and I. Lenz and A. Saxena",
  year="2014",
  booktitle="RSS",
}

@inproceedings{ Ratliff06,
  title={Maximum margin planning},
  author={N.~Ratliff and J.~A.~Bagnell and M.~Zinkevich},
  booktitle=icml,
  year={2006}
}

@inproceedings{gemici-saxena-learninghaptic_food_2014,
  title={Learning Haptic Representation for Manipulating Deformable Food Objects},
  author={M. Gemici and A. Saxena},
  year={2014},
  booktitle={IROS}
}


@inproceedings{ Ziebart09,
  title={Planning-based prediction for pedestrians},
  author={B.~D.~Ziebart and N.~Ratliff and G.~Gallagher and C.~Mertz and K.~Peterson and J.~A.~Bagnell and M.~Hebert and A.~K.~Dey and S.~Srinivasa},
  booktitle=iros,
  year={2009}
}

@inproceedings{freebase2008,
  title={Freebase: a collaboratively created graph database for structuring human knowledge},
  author={Bollacker, K. and Evans, C. and Paritosh, P. and Sturge, T. and Taylor, J.},
  booktitle=sigmod,
  pages={1247--1250},
  year={2008}
}

@inproceedings{nell2010,
  title={Toward an Architecture for Never-Ending Language Learning.},
  author={Carlson, A. and Betteridge, J. and Kisiel, B. and Settles, B. and Hruschka Jr, E. R. and Mitchell, T. M},
  booktitle=aaai,
  volume={5},
  pages={3},
  year={2010}
}

@inproceedings{jiang2012humancontext,
 title={Learning Object Arrangements in 3D Scenes using Human Context},
 author={Yun Jiang and Marcus Lim and Ashutosh Saxena},
 year={2012},
 booktitle={ICML}
}

@inproceedings{jiang-hallucinatinghumans-labeling3dscenes-cvpr2013,
  title={Hallucinated Humans as the Hidden Context for Labeling 3D Scenes},
  author={Y. Jiang and H. Koppula and A. Saxena},
  year={2013},
  booktitle=cvpr
}


@inproceedings{imagenet2009,
  title={Imagenet: A large-scale hierarchical image database},
  author={Deng, J. and Dong, W. and Socher, R. and Li, L-J and Li, K. and Fei-Fei, Li},
  booktitle=cvpr,
  ppages={248--255},
  year={2009}
}

@book{wordnet1998,
  title={WordNet},
  author={Fellbaum, C.},
  year={1998},
  publisher={Wiley Online Library}
}


@article{yago22013,
  title={YAGO2: a spatially and temporally enhanced knowledge base from Wikipedia},
  author={Hoffart, J. and Suchanek, F. M and Berberich, K. and Weikum, G.},
  journal={Artificial Intelligence},
  volume={194},
  pages={28--61},
  year={2013}
}

@article{ferrucci2010,
  title={Building Watson: An overview of the DeepQA project},
  author={Ferrucci, D. and Brown, E. and Chu-Carroll, J. and Fan, J. and Gondek, D. and Kalyanpur, A. and Lally, A. and Murdock, J. W. and Nyberg, E. and Prager, J. and others},
  journal={AI magazine},
  volume={31},
  number={3},
  pages={59--79},
  year={2010}
}

@article{cyc1995,
  title={CYC: A large-scale investment in knowledge infrastructure},
  author={Lenat, D. B},
  journal={Communications of the ACM},
  volume={38},
  number={11},
  pages={33--38},
  year={1995},
  publisher={ACM}
}


@inproceedings{deepdive2012,
  title={DeepDive: Web-scale Knowledge-base Construction using Statistical Learning and Inference.},
  author={Niu, F. and Zhang, C. and R{\'e}, C. and Shavlik, J. W.},
  booktitle={VLDS},
  pages={25--28},
  year={2012}
}

@misc{google_trends,
  title = {Google Trends},
  author = "Google",
  year ="2016",
  howpublished = {\url{https://www.google.com/trends/}},
  note = {Accessed: 2016-04-23}
}

@inproceedings{yago2007,
  title={Yago: a core of semantic knowledge},
  author={Suchanek, F. M. and Kasneci, G. and Weikum, G.},
  booktitle=www,
  pages={697--706},
  year={2007}
}

@inproceedings{zhu2014,
  title={Reasoning about Object Affordances in a Knowledge Base Representation},
  author={Zhu, Y. and Fathi, A. and Fei-Fei, Li},
  booktitle=eccv,
  ppages={408--424},
  year={2014}
}

@book{dbpedia2007,
  title={Dbpedia: A nucleus for a web of open data},
  author={Auer, S. and Bizer, C. and Kobilarov, G. and Lehmann, J. and Cyganiak, R. and Ives, Z.},
  year={2007},
  publisher={Springer}
}

@inproceedings{le2013,
  title={Building high-level features using large scale unsupervised learning},
  author={Le, Q.},
  booktitle={ICASSP},
  pages={8595--8598},
  year={2013}
}

@article{ferrucci2012a,
  title={Introduction to this is watson},
  author={Ferrucci, D. A.},
  journal={IBM J. of RnD},
  volume={56},
  number={3.4},
  pages={1--1},
  year={2012}
}

@article{Jain14,
  title={PlanIt: A Crowdsourced Approach for Learning to Plan Paths from Large Scale Preference Feedback},
  author={A.~Jain and D.~Das and J.~K.~Gupta and A.~Saxena},
  journal={arXiv preprint arXiv:1406.2616},
  year={2014}
}

@inproceedings{CakmakIROS11,
  author    = {Cakmak, M. and Srinivasa, S. S. and Lee, M. K. and Forlizzi, J. and  Kiesler, S.B.},
  title     = {Human preferences for robot-human hand-over configurations},
  booktitle = iros,
  year={2011}
}

@article{koppula-anticipatoryplanning-iser2014,
  title={Anticipatory Planning for Human-Robot Teams},
  author={Koppula, H. and Jain, A. and Saxena, A.},
  year={2014},
  journal=iser
}

@inproceedings{misra2014tell,
  title={Tell me Dave: Context-sensitive grounding of natural language to mobile manipulation instructions},
  author={Misra, D.K. and Sung, J. and Lee, K. and Saxena, A.},
  booktitle=rss,
  year={2014}
}

@inproceedings{tellex2011understanding,
  title={Understanding Natural Language Commands for Robotic Navigation and Mobile Manipulation.},
  author={Tellex, S. and Kollar, T. and Dickerson, S. and Walter, M. R. and Banerjee, A. G. and Teller, S. J. and Roy, N.},
  booktitle=aaai,
  year={2011}
}

@inproceedings{bollini2012,
  title={Interpreting and Executing Recipes with a Cooking Robot, International Symposium on Experimental Robotics },
  author={Bollini, M. and Tellex, S. and Thompson, T. and Roy, N. and Rus, D.},
  booktitle=iser,
  year={2012}
}


@inproceedings{KoppulaRSS2013,
  title={Anticipating Human Activities using Object Affordances for Reactive Robotic Response},
  author={Koppula, H.S. and Saxena, A.},
  year={2013},
  booktitle=rss
}

@inproceedings{lai:icra11a,
  author = {K. Lai and L. Bo and X. Ren and D. Fox},
  title = {{A Large-Scale Hierarchical Multi-View RGB-D Object Dataset}},
  booktitle = icra,
  year = {2011}
}

@inproceedings{rcrf,
 title={rCRF: Recursive Belief Estimation over CRFs in RGB-D Activity Videos},
 author={Ozan Sener and Ashutosh Saxena},
 year={2015},
 booktitle={Robotics Science and Systems (RSS)}
}

@inproceedings{guptaECCV14,
  author = {Gupta, S. and Girshick, R. and Arbelaez, P. and Malik, J.},
  title = {Learning Rich Features from {RGB-D} Images for Object Detection and Segmentation},
  booktitle = eccv,
  year = {2014},
}

@article{robobrain,
 title={Robo Brain: Large-Scale Knowledge Engine for Robots},
 author={Ashutosh Saxena and Ashesh Jain and Ozan Sener and Aditya Jami and Dipendra K Misra and Hema S Koppula},
 year={2015},
 journal={International Symposium on Robotics Research (ISRR)}
}

@inproceedings{iccv_ozan,
 title={Unsupervised Semantic Parsing of Video Collections},
 author={Ozan Sener and Amir Zamir and Silvio Savarese and Ashutosh Saxena},
 year={2015},
 booktitle={International Conference on Computer Vision (ICCV)}
}

@inproceedings{KitaniECCV2012,
   author = "K. Kitani and B. D. Ziebart and J. A. Bagnell and M. Hebert",
   title = "Activity Forecasting",
   booktitle = eccv,
    year = "2012",
}

@article{KoppulaIJRR2012,
  author    = {A. Anand and
               H. S. Koppula and
               T. Joachims and
               A. Saxena},
  title     = {Contextually Guided Semantic Labeling and Search for 3D
               Point Clouds},
  journal   = ijrr,
  year      = {2012}
}


@article{DolgovIJRR10,
  author    = {D. Dolgov and
               S. Thrun and
               M. Montemerlo and
               J. Diebel},
  title     = {Path Planning for Autonomous Vehicles in Unknown Semi-structured Environments},
  journal   = ijrr,
  year      = {2010},
  volume    = {29},
  number    = {5},
}

@inproceedings{LevinsonICRA11,
  author    = {J. Levinson and
               J. Askeland and
               J. Dolson and
               S. Thrun},
  title     = {Traffic light mapping, localization, and state detection for autonomous
               vehicles},
  booktitle = icra,
  year      = {2011},
 }

@article{BurgardIS11,
  author    = {W. Burgard and
               D. Fox and
               S. Thrun},
  title     = {Probabilistic State Estimation Techniques for Autonomous and Decision
               Support Systems},
  journal   = {Informatik Spektrum},
  year      = {2011},
  volume    = {34},
  number    = {5},
}


@ARTICLE{da_ozan,
   author = {{Sener}, O. and {Song}, H.~O. and {Saxena}, A. and {Savarese}, S.
	},
    title = "{Unsupervised Transductive Domain Adaptation}",
  journal = {ArXiv e-prints},
archivePrefix = "arXiv",
   eprint = {1602.03534},
 primaryClass = "stat.ML",
      year = 2016,
    month = feb
}


@INPROCEEDINGS{Kuderer-RSS-12,
    AUTHOR    = {M. Kuderer AND H. Kretzschmar AND C. Sprunk AND W. Burgard},
    TITLE     = {Feature-Based Prediction of Trajectories for Socially Compliant Navigation},
    BOOKTITLE = rss,
    YEAR      = {2012},
}

@inproceedings{cvpr_iro,
   author="Iro Armeni and Ozan Sener and Amir Zamir and Helen Jiang and Martin Fischer and Silvio Savarese",
   title="3D Semantic Parsing of Large-Scale Indoor Spaces",
   booktitle=cvpr,
   year="2016"
}


@inproceedings{ptf_cvpr2014,
   author="J. Walker and A. Gupta and M. Hebert",
   title="Patch to the Future: Unsupervised Visual Prediction",
   booktitle=cvpr,
   year="2014"
}


@inproceedings{delaitre2012,
  author = {Delaitre, V. and Fouhey, D. and Laptev,
            I. and Sivic, J. and Gupta, A. and Efros, A.},
  title = {Scene semantics from long-term observation of people},
  booktitle = eccv,
  year = {2012},
}

@article{jia-3d-stability-pami,
  title={3D Reasoning from Blocks to Stability},
  author={Z. Jia and A. Gallagher and A. Saxena and T. Chen},
  year={2014},
  journal=pami
}


@inproceedings{KoppulaECCV14,
  author = {H.S. Koppula and A. Saxena},
  title = {Physically Grounded Spatio-Temporal Object Affordances},
  booktitle = eccv,
  year = {2013},
}

@INPROCEEDINGS{McManus-RSS-14,
    AUTHOR    = {C. McManus AND B. Upcroft AND P. Newman},
    TITLE     = {Scene Signatures: Localised and Point-less Features for Localisation},
    BOOKTITLE = rss,
    YEAR      = {2014},
}

@inproceedings{NaseerAAAI14,
  author    = {T. Naseer and
               L. Spinello and
               W. Burgard and
               C. Stachniss},
  title     = {Robust Visual Robot Localization Across Seasons Using Network Flows},
  booktitle = aaai,
  year      = {2014}
}

@article{KatzAR14,
  author    = {D. Katz and
               A. Venkatraman and
               M. Kazemi and
               J. A. Bagnell and
               A. Stentz},
  title     = {Perceiving, learning, and exploiting object affordances for autonomous
               pile manipulation},
  journal   = {Autonomous Robots},
  year      = {2014},
  volume    = {37},
  number    = {4},
}

@inproceedings{lenz2013_deeplearning_roboticgrasp,
  title={Deep Learning for Detecting Robotic Grasps},
  author={I. Lenz and H. Lee and A. Saxena},
  year={2013},
  booktitle=rss
}

@article{SilverIJRR10,
  author    = {D. Silver and
               J. A. Bagnell and
               A. Stentz},
  title     = {Learning from Demonstration for Autonomous Navigation in Complex Unstructured
               Terrain},
  journal   = {I. J. Robotic Res.},
  year      = {2010},
  volume    = {29},
  number    = {12},
}

@article{KoberML11,
  author    = {J. Kober and
               J. Peters},
  title     = {Policy search for motor primitives in robotics},
  journal   = {Machine Learning},
  year      = {2011},
  volume    = {84},
  number    = {1-2},
 }


@article{AbbeelIJRR10,
  author    = {P. Abbeel and
               A. Coates and
               A. Y. Ng},
  title     = {Autonomous Helicopter Aerobatics through Apprenticeship Learning},
  journal   = ijrr,
  year      = {2010},
  volume    = {29},
  number    = {13},
  }


@inproceedings{Maitin-ShepardICRA10,
  author    = {J.M. Shepard and
               M.C. Towner and
               J. Lei and
               P. Abbeel},
  title     = {Cloth grasp point detection based on multiple-view geometric cues
               with application to robotic towel folding},
  booktitle = icra,
  year      = {2010},
}

@inproceedings{KnepperICRA13,
  author    = {R. A. Knepper and
               T. Layton and
               J. Romanishin and
               D. Rus},
  title     = {IkeaBot: An autonomous multi-robot coordinated furniture assembly
               system},
  booktitle = icra,
  year      = {2013},
 }


@inproceedings{DraganRSS13,
   author = "A. Dragan and S. Srinivasa",
   title = "Generating Legible Motion",
   booktitle = rss,
   month = "June",
   year = "2013",
}

@inproceedings{SchulmanRSS13,
  author    = {J. Schulman and
               J.  Ho and
               A. X. Lee and
               I. Awwal and
               H. Bradlow and
               P. Abbeel},
  title     = {Finding Locally Optimal, Collision-Free Trajectories with Sequential
               Convex Optimization},
  booktitle = rss,
  year      = {2013},

}

@article{ZuckerCHOMP13,
  author    = {M. Zucker and
               N. D. Ratliff and
               A. D. Dragan and
               M. Pivtoraiko and
               M. K. and
               C. M. Dellin and
               J. A. Bagnell and
               S. S. Srinivasa},
  title     = {{CHOMP:} Covariant Hamiltonian optimization for motion planning},
  journal   = ijrr,
  year      = {2013},
  volume    = {32},
  number    = {9-10},
}

@article{rintanen2012planning,
  title={Planning as satisfiability: Heuristics},
  author={Rintanen, J.},
  journal={Artificial Intelligence},
  volume={193},
  pages={45--86},
  year={2012},
}

@inproceedings{kautz1992planning,
  title={Planning as Satisfiability.},
  author={Kautz, H. and Selman, B. and others},
  booktitle={ECAI},
  volume={92},
  year={1992}
}

@inproceedings{edelkamp2009optimal,
  title={Optimal Symbolic Planning with Action Costs and Preferences.},
  author={Edelkamp, S. and Kissmann, P.},
  booktitle=ijcai,
  year={2009}
}

@inproceedings{alami2006toward,
  title={Toward Human-Aware Robot Task Planning.},
  author={Alami, R. and Clodic, A. and Montreuil, V. and Sisbot, E. A. and Chatila, R.},
  booktitle={AAAI Spring Symposium: To Boldly Go Where No Human-Robot Team Has Gone Before},
  year={2006}
}

@inproceedings{KnepperICRA13a,
  author    = {R. A. Knepper and
               D. Rus},
  title     = {On the completeness of ensembles of motion planners for decentralized planning},
  booktitle = icra,
  year      = {2013},
}

@article{GielniakIJRR13,
  author    = {M. J. Gielniak and
               C. Karen Liu and
               A. L. Thomaz},
  title     = {Generating human-like motion for robots},
  journal   = ijrr,
  year      = {2013},
  volume    = {32},
  number    = {11},
}

@inproceedings{LasotaCASE14,
  author    = {P. A. Lasota and
               G. F. Rossano and
               J. A. Shah},
  title     = {Toward safe close-proximity human-robot interaction with standard industrial robots},
  booktitle = {CASE},
  year      = {2014},
}

@inproceedings{NikolaidisISR10,
  author    = {S. Nikolaidis and
               P. A. Lasota and
               G. F. Rossano and
               C. Martinez and
               T. A. Fuhlbrigge and
               J. A. Shah},
  title     = {Human-robot collaboration in manufacturing: Quantitative evaluation of predictable, convergent joint action},
  booktitle = {ISR},
  year      = {2013},
}

@inproceedings{TellexRSS14,
  author    = {S. Tellex and R. Knepper and A. Li and D. Rus and N. Roy},
  title     = {Asking for Help Using Inverse Semantics},
  booktitle = rss,
  year      = {2014},
}



@article{NikolaidisCoRR14,
  author    = {S. Nikolaidis and
               K. Gu and
               R. Ramakrishnan and
               J. A. Shah},
  title     = {Efficient Model Learning for Human-Robot Collaborative Tasks},
  journal   = {CoRR},
  year      = {2014},
  volume    = {abs/1405.6341},
}


@inproceedings{jainsaxena2013_trajectorypreferences,
  title="Learning Trajectory Preferences for Manipulators via Iterative Improvement",
  author="A. Jain and B. Wojcik and T. Joachims and A. Saxena",
  year="2013",
  booktitle=nips
}

@inproceedings{jain_contextdrivenpathplanning_2013,
  title={Beyond geometric path planning: Learning context-driven trajectory preferences via sub-optimal feedback},
  author={A. Jain and S. Sharma and A. Saxena},
  year={2013},
  booktitle=isrr
}

@Inproceedings{ Mainprice13,
  title={Human-Robot Collaborative  Manipulation Planning Using Early Prediction of Human Motion},
  author={J.~Mainprice and D.~Berenson},
  booktitle=iros,
  year={2013}
}

@inproceedings{KretzschmarICRA14,
  author    = {H. Kretzschmar and
               M. Kuderer and
               W. Burgard},
  title     = {Learning to predict trajectories of cooperatively navigating agents},
  booktitle = icra,
  year      = {2014},
}

@inproceedings{ZiebartAAAI08,
  author    = {B. D. Ziebart and
               A. L. Maas and
               J. A. Bagnell and
               A. K. Dey},
  title     = {Maximum Entropy Inverse Reinforcement Learning},
  booktitle = aaai,
  year      = {2008},
}

@inproceedings{RatliffICHR07,
  author    = {N. D. Ratliff and
               J. A. Bagnell and
               S. S. Srinivasa},
  title     = {Imitation learning for locomotion and manipulation},
  booktitle = { Int. Conf. on Humanoid Robots},
  year      = {2007},
}

@inproceedings{BolliniISER12,
  author    = {M. Bollini and S. Tellex and T. Thompson and M. Roy and D. Rus},
  title     = {Interpreting and Executing Recipes with a Cooking Robot},
  booktitle = {ISER},
  year      = {2012},
  }

  @article{KIVA,
  author    = {R. D. Andrea},
  title     = {Guest editorial: A Revolution in the Warehouse: A
Retrospective on KIVA systems and the Grand Challenges Ahead},
  journal = {IEEE Tran. on Automation Science and Engineering (T-ASE)},
  year      = {2012},
   volume    = {9},
   number={4}
  }

  @article{RoboEarth,
 author={M. Waibel and M. Beetz and R. D'Andrea and R. Janssen and M. Tenorth and J. Civera and J. Elfring and D. G\'alvez-L\'opez and K. H\"aussermann and J. Montiel and A. Perzylo and B. Schie{\ss}le and A. Zweigle and R. van de Molengraft},
  title     = {RoboEarth: A World Wide Web for Robots},
  journal = {IEEE Robotics \& Automation Magazine},
  year      = {2011},
   vvolume    = {18},
   nnumber={2}
  }

@article{ Russell08,
  title={LabelMe: a database and web-based tool for image annotation},
  author={B.~C.~Russell and A.~Torralba and K.~P.~Murphy and W.~T.~Freeman},
  journal="IJCV",
  volume={77},
  number={1-3},
  year={2008}
}

@inproceedings{ Beetz11,
    title={Robotic roommates making pancakes},
    author={M.~Beetz and U.~Klank and I.~Kresse and A.~Maldonado and L.~Mosenlechner and D.~Pangercic and T.~Ruhr and M.~Tenorth},
    booktitle={Humanoids},
    pages={529--536},
    year={2011},
    organization={IEEE}
}




@misc{rrrROS,
      title  = "Robot Operating System",
      author = {ROS},
      howpublished    = {\url{ ``http://www.ros.org/"}}
}

@inproceedings{Quigley09,
  author    = {M. Quigley and B. Gerkey and K. Conley and J. Faust and T. Foote and J. Leibs and
E. Berger and R. Wheeler and A. Ng},
  title     = {ROS: an open-source Robot Operating System},
  booktitle = {ICRA Workshop on Open Source Software},
  year      = {2009},
  }


  @inproceedings{Lan14,
  author    = {T. Lan and T.C. Chen and S. Savarese},
  title     = {A Hierarchical Representation for Future Action Prediction},
  booktitle = eccv,
  year      = {2014},
  }

@misc{cypher,
      title  = "Cypher",
      author = {neo4j},
      howpublished    = {\url{ ``http://neo4j.com/docs/stable/cypher-query-lang.html"}}
}

@inproceedings{guadarrama2013grounding,
  title={Grounding spatial relations for human-robot interaction},
  author={Guadarrama, S. and Riano, L. and Golland, D. and Gouhring, D. and Jia, Y. and Klein, D. and Abbeel, P. and Darrell, T.},
  booktitle=iros,
  pages={1640--1647},
  year={2013},
}

@inproceedings {MatuszekISER2012,
   title	= {Learning to Parse Natural Language Commands to a Robot Control System},
   author	= {C. Matuszek and E. Herbst and L. Zettlemoyer and D. Fox},
   booktitle	= {Proc.~of the 13th International Symposium on Experimental Robotics (ISER)},
   month	= {June},
   year		= {2012},
   location	= {Qu\'{e}bec City, Quebec, Canada}
}

@article{nabbe2007extending,
  title={Extending the path-planning horizon},
  author={Nabbe, Bart and Hebert, Martial},
  journal={The International Journal of Robotics Research},
  volume={26},
  number={10},
  pages={997--1024},
  year={2007},
  publisher={SAGE Publications}
}

@inproceedings{ddcrf,
  title={A dynamic conditional random field model for object segmentation in image sequences},
  author={Wang, Yang and Ji, Qiang},
  booktitle={Computer Vision and Pattern Recognition, 2005. CVPR 2005. IEEE Computer Society Conference on},
  volume={1},
  pages={264--270},
  year={2005},
  organization={IEEE}
}

@article{rss2014,
  title={Learning to Recognize Human Activities from Soft Labeled Data},
  author={Hu, Ninghang and Lou, Zhongyu and Englebienne, Gwenn and Kr{\"o}se, Ben},
  journal=rss,
  year={2014}
}

@inproceedings{dalal,
  title={Histograms of oriented gradients for human detection},
  author={Dalal, Navneet and Triggs, Bill},
  booktitle={Computer Vision and Pattern Recognition, 2005. CVPR 2005. IEEE Computer Society Conference on},
  volume={1},
  pages={886--893},
  year={2005},
  organization={IEEE}
}


@inproceedings{mpi_cooking,
  title={A database for fine grained activity detection of cooking activities},
  author={Rohrbach, Marcus and Amin, Sikandar and Andriluka, Mykhaylo and Schiele, Bernt},
  booktitle={Computer Vision and Pattern Recognition (CVPR), 2012 IEEE Conference on},
  pages={1194--1201},
  year={2012},
  organization={IEEE}
}


@PHDTHESIS{foxThesis,
AUTHOR = {Fox, E.B.},
TITLE = {Bayesian Nonparametric Learning of Complex Dynamical Phenomena},
SCHOOL = {MIT},
YEAR = {2009},
type = {Ph.{D}. Thesis},
address = {Cambridge, MA},
}

@book{sarkka,
  title={Bayesian filtering and smoothing},
  author={S{\"a}rkk{\"a}, Simo},
  volume={3},
  year={2013},
  publisher={Cambridge University Press}
}


@inproceedings{latentIcra,
  title={Learning Latent Structure for Activity Recognition},
  author={Hu, Ninghang and Englebienne, Gwenn and Lou, Zhongyu and Kr{\"o}se, Ben},
  booktitle=icra,
  year={2014}
}



@inproceedings{gpcrf,
  title={Modeling high-dimensional humans for activity anticipation using gaussian process latent crfs},
  author={Jiang, Yun and Saxena, Ashutosh},
  booktitle=rss,
  year={2014}
}

@incollection{tian,
  title={A hierarchical representation for future action prediction},
  author={Lan, Tian and Chen, Tsung-Chuan and Savarese, Silvio},
  booktitle=eccv,
  pages={689--704},
  year={2014},
  publisher={Springer}
}


@inproceedings{crffilter,
  title={CRF-filters: Discriminative particle filters for sequential state estimation},
  author={Limketkai, Benson and Fox, Dieter and Liao, Lin},
  booktitle={Robotics and Automation, 2007 IEEE International Conference on},
  pages={3142--3147},
  year={2007},
  organization={IEEE}
}


@article{ihcrf,
  title={Infinite hidden conditional random fields for human behavior analysis},
  author={Bousmalis, Konstantinos and Zafeiriou, Stefanos and Morency, L and Pantic, Maja},
  journal={Neural Networks and Learning Systems, IEEE Trans},
  volume={24},
  number={1},
  pages={170--177},
  year={2013},
  publisher={IEEE}
}


@book{hrf,
  title={Hybrid random fields: a scalable approach to structure and parameter learning in probabilistic graphical models},
  author={Freno, Antonino and Trentin, Edmondo},
  volume={15},
  year={2011},
  publisher={Springer},
  pages = {1-167},
}

@article{shi2011,
year={2011},
issn={0920-5691},
journal=ijcv,
volume={93},
number={1},
doi={10.1007/s11263-010-0384-0},
title={Human Action Segmentation and Recognition Using Discriminative Semi-Markov Models},
url={http://dx.doi.org/10.1007/s11263-010-0384-0},
publisher={Springer US},
author={Shi, Qinfeng and Cheng, Li and Wang, Li and Smola, Alex},
pages={22-32},
language={English}
}

@article{embr,
  title={Empirical Minimum Bayes Risk Prediction: How to extract an extra few\% performance from vision models with just three more parameters},
  author={Premachandran, Vittal and Tarlow, Daniel and Batra, Dhruv},
  journal=cvpr,
  year=2014
}


@article{hmm,
  title={A tutorial on hidden Markov models and selected applications in speech recognition},
  author={Rabiner, Lawrence},
  journal={Proceedings of the IEEE},
  volume={77},
  number={2},
  pages={257--286},
  year={1989}
}


@article{dcrf,
  title={Dynamic conditional random fields: Factorized probabilistic models for labeling and segmenting sequence data},
  author={Sutton, Charles and McCallum, Andrew and Rohanimanesh, Khashayar},
  journal=jmlr,
  volume={8},
  pages={693--723},
  year={2007}
}


@inproceedings{mmode,
  title={Computing the M most probable modes of a graphical model},
  author={Chen, Chao and Kolmogorov, Vladimir and Zhu, Yan and Metaxas, Dimitris and Lampert, Christoph},
  booktitle=aistats,
  pages={161--169},
  year={2013}
}


@article{mbest,
  title={A procedure for computing the k best solutions to discrete optimization problems and its application to the shortest path problem},
  author={Lawler, Eugene L},
  journal={Management Science},
  volume={18},
  number={7},
  pages={401--405},
  year={1972},
  publisher={INFORMS}
}


@book{meanFieldBook,
  title={Mean field simulation for Monte Carlo integration},
  author={Del Moral, Pierre},
  year={2013},
  publisher={CRC Press}
}


@inproceedings{hoai2011,
Author = {Minh Hoai and Zhen-Zhong Lan and Fernando {De la Torre}},
Booktitle = cvpr,
Title = {Joint Segmentation and Classification of Human Actions in Video},
Year = {2011}}


@inproceedings{pyry2012,
   author = "Pyry Matikainen and Rahul Sukthankar and Martial Hebert",
   title = "Model Recommendation for Action Recognition",
   booktitle = cvpr,
   year = "2012",
}

@article{kalman,
  title={A new approach to linear filtering and prediction problems},
  author={Kalman, Rudolph Emil},
  journal={Journal of basic Engineering},
  volume={82},
  number={1},
  pages={35--45},
  year={1960},
  publisher={American Society of Mechanical Engineers}
}

@article{siminchi2005,
  title={Conditional models for contextual human motion recognition},
  author={Sminchisescu, Cristian and Kanaujia, Atul and Metaxas, Dimitris},
  journal=cviu,
  volume={104},
  number={2},
  pages={210--220},
  year={2006},
  publisher={Elsevier}
}

@inproceedings{ssvm,
  title={Support vector machine learning for interdependent and structured output spaces},
  author={Tsochantaridis, Ioannis and Hofmann, Thomas and Joachims, Thorsten and Altun, Yasemin},
  booktitle=icml,
  pages={104},
  year={2004},
  organization={ACM}
}

@inproceedings{mlparam,
  title={The More the Merrier: Parameter Learning for Graphical Models with Multiple MAPs},
  author={Franziska Meier and Amir Globerson and Fei Sha},
  booktitle="ICML Workshop on Interactions between Inference and Learning",
  year={2013},
}


@article{modemarg,
  title={Mode-Marginals: Expressing Uncertainty via Diverse M-Best Solutions},
  author={Ramakrishna, Varun and Batra, Dhruv},
  journal=nipso,
  year=2012
}

@article{rerank,
  title={Discriminative Re-ranking of Diverse Segmentations},
  author={Yadollahpour, Payman and Batra, Dhruv and Shakhnarovich, Gregory},
  journal=cvpr,
  year={2013}
}

@inproceedings{lbp,
  title={Loopy belief propagation for approximate inference: An empirical study},
  author={Murphy, Kevin P and Weiss, Yair and Jordan, Michael I},
  booktitle=uai,
  pages={467--475},
  year={1999},
  organization={Morgan Kaufmann Publishers Inc.}
}

@article{hc1971,
  title={Markov fields on finite graphs and lattices},
  author={Hammersley, John M and Clifford, Peter},
  year={1971}
}

@book{decisionTheory,
  title={Bayesian theory},
  author={Bernardo, Jos{\'e} M and Smith, Adrian FM},
  volume={405},
  year={2009},
  publisher={John Wiley \& Sons}
}


@inproceedings{mip,
  title={Optimizing binary MRFs via extended roof duality},
  author={Rother, Carsten and Kolmogorov, Vladimir and Lempitsky, Victor and Szummer, Martin},
  booktitle=cvpr,
  pages={1--8},
  year={2007},
  organization={IEEE}
}

@article{qpbo,
  title={Minimizing nonsubmodular functions with graph cuts-a review},
  author={Kolmogorov, Vladimir and Rother, Carsten},
  journal=pami,
  volume={29},
  number={7},
  pages={1274--1279},
  year={2007},
  publisher={IEEE}
}

@book{pgm,
  title={Probabilistic graphical models: principles and techniques},
  author={Koller, Daphne and Friedman, Nir},
  year={2009},
  publisher={MIT press}
}


@article{mmargin,
  title={Max-margin Markov networks},
  author={Koller, Ben Taskar Carlos Guestrin Daphne},
  year={2004},
  journal=nips
}

@article{quattoni2007,
  title={Hidden-state conditional random fields},
  author={Quattoni, Ariadna and Wang, Sybor and Morency, Louis-Phillipe and Collins, Michael and Darrell, Trevor and Csail, Mit},
  journal=pami,
  volume={29},
  number={10},
  pages={1848--1852},
  year={2007}
}

@inproceedings{raob,
  title={Rao-Blackwellised particle filtering for dynamic Bayesian networks},
  author={Doucet, Arnaud and De Freitas, Nando and Murphy, Kevin and Russell, Stuart},
  booktitle=uai,
  year={2000}
}

@article{crf,
  title={Conditional random fields: Probabilistic models for segmenting and labeling sequence data},
  author={Lafferty, John and McCallum, Andrew and Pereira, Fernando CN},
  year={2001},
  journal=icml
}
@inproceedings{jiang2012,
  title={Learning Object Arrangements in 3D Scenes using Human Context},
  author={Yun Jiang and Marcus Lim and Ashutosh Saxena},
  year={2012},
  booktitle=icml
}
@article{dragan2012,
  title={Formalizing assistive teleoperation},
  author={Dragan, Anca D and Srinivasa, Siddhartha S},
  year={2008},
  journal=rss
}

@inproceedings{wang,
  title={Probabilistic Modeling of Human Movements for Intention Inference.},
  author={Wang, Zhikun and Deisenroth, Marc Peter and Amor, Heni Ben and Vogt, David and Sch{\"o}lkopf, Bernhard and Peters, Jan},
  booktitle=rss,
  year={2012},
  organization={Citeseer}
}

@incollection{kitani2012,
  title={Activity forecasting},
  author={Kitani, Kris M and Ziebart, Brian D and Bagnell, James Andrew and Hebert, Martial},
  booktitle=eccv,
  pages={201--214},
  year={2012},
  publisher={Springer}
}
@inproceedings{kuderer2012,
  title={Feature-based prediction of trajectories for socially compliant navigation},
  author={Kuderer, Markus and Kretzschmar, Henrik and Sprunk, Christoph and Burgard, Wolfram},
  booktitle=rss,
  year={2012}
}

@inproceedings{ziebart2009,
  title={Planning-based prediction for pedestrians},
  author={Ziebart, Brian D and Ratliff, Nathan and Gallagher, Garratt and Mertz, Christoph and Peterson, Kevin and Bagnell, James A and Hebert, Martial and Dey, Anind K and Srinivasa, Siddhartha},
  booktitle=iros,
  pages={3931--3936},
  year={2009},
  organization={IEEE}
}

@inproceedings{ryoo2011,
  title={Human activity prediction: Early recognition of ongoing activities from streaming videos},
  author={Ryoo, MS},
  booktitle=iccv,
  pages={1036--1043},
  year={2011},
  organization={IEEE}
}

@inproceedings{hall,
  title={Hallucinated Humans as the Hidden Context for Labeling 3D Scenes},
  author={Yun Jiang and Hema Koppula and Ashutosh Saxena},
  year={2013},
  booktitle=cvpr
}

@article{davis2009,
  title={Observing human-object interactions: Using spatial and functional compatibility for recognition},
  author={Gupta, Abhinav and Kembhavi, Aniruddha and Davis, Larry S},
  journal=pami,
  volume={31},
  number={10},
  pages={1775--1789},
  year={2009},
  publisher={IEEE}
}

@inproceedings{mori2010,
  title={Recognizing human actions from still images with latent poses},
  author={Yang, Weilong and Wang, Yang and Mori, Greg},
  booktitle=cvpr,
  pages={2030--2037},
  year={2010},
  organization={IEEE}
}

@article{gupta,
  title={Observing human-object interactions: Using spatial and functional compatibility for recognition},
  author={Gupta, Abhinav and Kembhavi, Aniruddha and Davis, Larry S},
  journal=pami,
  volume={31},
  number={10},
  pages={1775--1789},
  year={2009},
  publisher={IEEE}
}

@article{hemaIJRR,
  title={Learning human activities and object affordances from rgb-d videos},
  author={Koppula, Hema Swetha and Gupta, Rudhir and Saxena, Ashutosh},
  journal=ijrr,
  volume={32},
  number={8},
  pages={951--970},
  year={2013},
  publisher={SAGE Publications}
}

@incollection{hemaECCV,
  title={Physically grounded spatio-temporal object affordances},
  author={Koppula, Hema S and Saxena, Ashutosh},
  booktitle={Computer Vision--ECCV 2014},
  pages={831--847},
  year={2014},
  publisher={Springer International Publishing}
}

@inproceedings{hemaISER,
  title={Anticipatory planning for humanrobot teams},
  author={Koppula, Hema and Jain, Ashesh and Saxena, Ashutosh},
  year={2014},
  organization={ISER}
}

@article{collob1,
  title={Probabilistic movement modeling for intention inference in human--robot interaction},
  author={Wang, Zhikun and M{\"u}lling, Katharina and Deisenroth, Marc Peter and Amor, Heni Ben and Vogt, David and Sch{\"o}lkopf, Bernhard and Peters, Jan},
  journal={The International Journal of Robotics Research},
  volume={32},
  number={7},
  pages={841--858},
  year={2013},
  publisher={SAGE Publications}
}
@inproceedings{collob2,
  title={Human-robot collaborative manipulation planning using early prediction of human motion},
  author={Mainprice, Jim and Berenson, Dmitry},
  booktitle={Intelligent Robots and Systems (IROS)},
  pages={299--306},
  year={2013},
  organization={IEEE}
}


@inproceedings{feifei2010,
  title={Modeling mutual context of object and human pose in human-object interaction activities},
  author={Yao, Bangpeng and Fei-Fei, Li},
  booktitle=cvpr,
  pages={17--24},
  year={2010},
  organization={IEEE}
}

@book{gibson1979,
  title={The ecological approach to visual perception},
  author={Gibson, James Jerome},
  year={1986},
  publisher={Psychology Press}
}

@inproceedings{parFilt,
  title={Conditional particle filters for simultaneous mobile robot localization and people-tracking},
  author={Montemerlo, D and Thrun, Sebastian and Whittaker, William},
  booktitle=icra,
  volume={1},
  pages={695--701},
  year={2002},
  organization={IEEE}
}

@book{thrunBook,
  title={Probabilistic robotics},
  author={Thrun, Sebastian and Burgard, Wolfram and Fox, Dieter},
  year={2005},
  publisher={MIT press}
}

@article{geman,
  title={Stochastic relaxation, Gibbs distributions, and the Bayesian restoration of images},
  author={Geman, Stuart and Geman, Donald},
  journal=pami,
  number={6},
  pages={721--741},
  year={1984},
  publisher={IEEE}
}

@incollection{divmbest,
  title={Diverse M-best solutions in Markov random fields},
  author={Batra, Dhruv and Yadollahpour, Payman and Guzman-Rivera, Abner and Shakhnarovich, Gregory},
  booktitle=eccv,
  pages={1--16},
  year={2012},
  publisher={Springer}
}

@article{nbayes,
  title={The optimality of naive Bayes},
  author={Zhang, Harry},
  journal=aaai,
  volume={1},
  number={2},
  pages={3},
  year={2004}
}

@inproceedings{torre2012,
  title={Max-margin early event detectors},
  author={Hoai, Minh and De la Torre, Fernando},
  booktitle=cvpr,
  pages={2863--2870},
  year={2012},
  organization={IEEE}
}

@article{hemaAnt,
  title={Anticipating human activities using object affordances for reactive robotic response},
  author={Koppula, Hema S and Saxena, Ashutosh},
  journal=rss,
  year={2013}
}

@article{viterbi,
  title={A tutorial on hidden Markov models and selected applications in speech recognition},
  author={Rabiner, Lawrence},
  journal={Proceedings of the IEEE},
  volume={77},
  number={2},
  pages={257--286},
  year={1989},
  publisher={IEEE}
}

@inproceedings{ganin15, 
   Publisher = {JMLR Workshop and Conference Proceedings}, 
   title="Unsupervised Domain Adaptation by Backpropagation", 
   Author={Ganin, Yaroslav and Lempitsky, Victor}, 
   year="2015", 
   Booktitle="ICML", 
   Editor={David Blei and Francis Bach}, 
   pages="1180-1189", 
   url="http://jmlr.org/proceedings/papers/v37/ganin15.pdf" 
   }
   
   @article{adapttheory,
  title={A theory of learning from different domains},
  author={Ben-David, Shai and Blitzer, John and Crammer, Koby and Kulesza, Alex and Pereira, Fernando and Vaughan, Jennifer Wortman},
  journal={Machine learning},
  volume={79},
  number={1-2},
  pages={151--175},
  year={2010},
  publisher={Springer}
}
   
   @article{googlenet,
  title={Going deeper with convolutions},
  author={Szegedy, Christian and Liu, Wei and Jia, Yangqing and Sermanet, Pierre and Reed, Scott and Anguelov, Dragomir and Erhan, Dumitru and Vanhoucke, Vincent and Rabinovich, Andrew},
  journal={arXiv preprint arXiv:1409.4842},
  year={2014}
}

@inproceedings{transfer1,
  title={Self-taught learning: transfer learning from unlabeled data},
  author={Raina, Rajat and Battle, Alexis and Lee, Honglak and Packer, Benjamin and Ng, Andrew Y},
  booktitle={Proceedings of the 24th international conference on Machine learning},
  pages={759--766},
  year={2007},
  organization={ACM}
}

@book{transfer2,
  title={Learning to learn},
  author={Thrun, Sebastian and Pratt, Lorien},
  year={2012},
  publisher={Springer Science \& Business Media}
}

@inproceedings{semisup1,
  title={Beyond the point cloud: from transductive to semi-supervised learning},
  author={Sindhwani, Vikas and Niyogi, Partha and Belkin, Mikhail},
  booktitle={Proceedings of the 22nd international conference on Machine learning},
  pages={824--831},
  year={2005},
  organization={ACM}
}
@inproceedings{semisup2,
  title={Semi-supervised learning using gaussian fields and harmonic functions},
  author={Zhu, Xiaojin and Ghahramani, Zoubin and Lafferty, John and others},
  booktitle={ICML},
  volume={3},
  pages={912--919},
  year={2003}
}

@article{semisup3,
  title={Semi-supervised learning literature survey},
  author={Zhu, Xiaojin},
  year={2005},
  publisher={Citeseer}
}

@inproceedings{sports1m,
  title     = {Large-scale Video Classification with Convolutional Neural Networks},
  author    = {Andrej Karpathy and George Toderici and Sanketh Shetty and Thomas Leung and Rahul Sukthankar and Li Fei-Fei},
  year      = {2014},
  booktitle = {CVPR}
}

   @article{adagrad,
  title={Adaptive subgradient methods for online learning and stochastic optimization},
  author={Duchi, John and Hazan, Elad and Singer, Yoram},
  journal={JMLR},
  volume={12},
  pages={2121--2159},
  year={2011},
  publisher={JMLR. org}
}

@inproceedings{ImageNet,
  title={Imagenet: A large-scale hierarchical image database},
  author={Deng, Jia and Dong, Wei and Socher, Richard and Li, Li-Jia and Li, Kai and Fei-Fei, Li},
  booktitle={CVPR},
  year={2009}
  }

@Article{vggnet,
    author       = "Simonyan, K. and Zisserman, A.",
    title        = "Very Deep Convolutional Networks for Large-Scale Image Recognition",
    journal      = "CoRR",
    volume       = "abs/1409.1556",
    year         = "2014"
}

@article{lenet,
  title={Gradient-based learning applied to document recognition},
  author={LeCun, Yann and Bottou, L{\'e}on and Bengio, Yoshua and Haffner, Patrick},
  journal={Proceedings of the IEEE},
  volume={86},
  number={11},
  pages={2278--2324},
  year={1998}
  }

   @inproceedings{gong2012,
  title={Connecting the dots with landmarks: Discriminatively learning domain-invariant features for unsupervised domain adaptation},
  author={Gong, Boqing and Grauman, Kristen and Sha, Fei},
  booktitle={ICML},
  pages={222--230},
  year={2013}
}

@article{tensorflow,
  title={TensorFlow: Large-scale machine learning on heterogeneous systems, 2015},
  author={Abadi, Mart{\i}n and Agarwal, Ashish and Barham, Paul and Brevdo, Eugene and Chen, Zhifeng and Citro, Craig and Corrado, Greg S and Davis, Andy and Dean, Jeffrey and Devin, Matthieu and others},
  journal={Software available from tensorflow. org}
}

@inproceedings{fernando13,
  title={Unsupervised visual domain adaptation using subspace alignment},
  author={Fernando, Basura and Habrard, Amaury and Sebban, Marc and Tuytelaars, Tinne},
  booktitle={ICCV},
  pages={2960--2967},
  year={2013},
  organization={IEEE}
}

@inproceedings{svhn,
  title={Reading digits in natural images with unsupervised feature learning},
  author={Netzer, Yuval and Wang, Tao and Coates, Adam and Bissacco, Alessandro and Wu, Bo and Ng, Andrew Y},
  booktitle={NIPS W},
  volume={2011},
  number={2},
  pages={5},
  year={2011},
  organization={Granada, Spain}
}

@inproceedings{chopra13,
  title={Dlid: Deep learning for domain adaptation by interpolating between domains},
  author={Chopra, Sumit and Balakrishnan, Suhrid and Gopalan, Raghuraman},
  booktitle={ICML W},
  volume={2},
  pages={5},
  year={2013}
}

@article{tzeng14,
  title={Deep domain confusion: Maximizing for domain invariance},
  author={Tzeng, Eric and Hoffman, Judy and Zhang, Ning and Saenko, Kate and Darrell, Trevor},
  journal={arXiv preprint arXiv:1412.3474},
  year={2014}
}

@article{wang15,
  title={Learning Transferable Features with Deep Adaptation Networks},
  author={Long, Mingsheng and Wang, Jianmin},
  journal={arXiv preprint arXiv:1502.02791},
  year={2015}
  }

@inproceedings{contrastive,
  author = {Raia Hadsell and Sumit Chopra and Yann Lecun},
  title = {Dimensionality reduction by learning an invariant mapping},
  booktitle = {CVPR},
  year = {2006}
}

@inproceedings{facenet,
  author = {Florian Schroff and Dmitry Kalenichenko and James Philbin},
  title = {FaceNet: A Unified Embedding for Face Recognition and Clustering},
  booktitle = {CVPR},
  year = {2015}
}

@inproceedings{triplet,
  author = {Kilian Q. Weinberger and John Blitzer and Lawrence K. Saul},
  title = {Distance metric learning for large margin nearest neighbor classification},
  booktitle = {NIPS},
  year = {2006}
}

@inproceedings{seanbell,
  author = {Sean Bell and Kavita Bala},
  title = {Learning visual similarity for product design with convolutional neural networks},
  booktitle = {SIGGRAPH},
  year = {2015}
}

@inproceedings{tsne,
  author = {Laurens van der maaten},
  title = {Accelerating t-SNE using Tree-Based Algorithms},
  booktitle = {JMLR},
  year = {2014}
}

@inproceedings{ganin15,
  author    = {Yaroslav Ganin and Victor S. Lempitsky},
  title     = {Unsupervised Domain Adaptation by Backpropagation},
  booktitle = {ICML},
  year      = {2015},
}

@inproceedings{tommasi13,
  author    = {Tatiana Tommasi and Barbara Caputo},
  title     = {Frustratingly Easy {NBNN} Domain Adaptation},
  booktitle = {ICCV},
  year      = {2013},
}

@inproceedings{gong12,
  author = {Boqing Gong and
               Yuan Shi and
               Fei Sha and
               Kristen Grauman},
  title   = {Geodesic flow kernel for unsupervised domain adaptation},
  booktitle = {CVPR},
  year   = {2012},
}

@inproceedings{baochen16,
  author = {Baochen Sun and Jiashi Feng and Kate Saenko},
  title     = {Return of Frustratingly Easy Domain Adaptation},
  booktitle   = {AAAI},
  year      = {2016},
}

@inproceedings{baochen15,
  author = {Baochen Sun and Kate Saenko},
  title     = {Subspace distributed alignment for unsupervised domain adaptation},
  booktitle   = {BMVC},
  year      = {2015},
}

@inproceedings{tzeng14,
  author    = {Eric Tzeng and
               Judy Hoffman and
               Ning Zhang and
               Kate Saenko and
               Trevor Darrell},
  title     = {Deep Domain Confusion: Maximizing for Domain Invariance},
  booktitle   = {arXiv},
  year      = {2014},
  url       = {http://arxiv.org/abs/1412.3474},
}

@article{kolmogrovalphabeta,
  title={An experimental comparison of min-cut/max-flow algorithms for energy minimization in vision},
  author={Boykov, Yuri and Kolmogorov, Vladimir},
  journal={T-PAMI},
  volume={26},
  number={9},
  pages={1124--1137},
  year={2004},
  publisher={IEEE}
}

@incollection{office,
  title={Adapting visual category models to new domains},
  author={Saenko, Kate and Kulis, Brian and Fritz, Mario and Darrell, Trevor},
  booktitle={ECCV},
  pages={213--226},
  year={2010},
  publisher={Springer}
}

@misc{mnist,
  title={The MNIST database of handwritten digits},
  author={LeCun, Yann and Cortes, Corinna and Burges, Christopher JC},
  year={1998}
}

@article{bsds500,
  title={Contour detection and hierarchical image segmentation},
  author={Arbelaez, Pablo and Maire, Michael and Fowlkes, Charless and Malik, Jitendra},
  journal={T-PAMI},
  volume={33},
  number={5},
  pages={898--916},
  year={2011},
  publisher={IEEE}
}

@inproceedings{label_prop1,
 author = {Blum, Avrim and Chawla, Shuchi},
 title = {Learning from Labeled and Unlabeled Data Using Graph Mincuts},
 booktitle = {ICML},
 year = {2001}
} 


@techreport{label_prop2,
  title={Learning from labeled and unlabeled data with label propagation},
  author={Zhu, Xiaojin and Ghahramani, Zoubin},
  year={2002},
  institution={Citeseer}
}

@inproceedings{transduction,
  title={Learning by transduction},
  author={Gammerman, Alexander and Vovk, Volodya and Vapnik, Vladimir},
  booktitle={UAI},
  pages={148--155},
  year={1998},
  organization={Morgan Kaufmann Publishers Inc.}
}


@inproceedings{coclassification,
	title = {CoConut: Co-Classification with Output Space Regularization},
	author = {Khamis, Sameh and Lampert, Christoph},
	year = {2014},
	booktitle = {BMVC},
}


@inproceedings{fernando13,
 author = {Fernando, Basura and Habrard, Amaury and Sebban, Marc and Tuytelaars, Tinne},
 title = {Unsupervised Visual Domain Adaptation Using Subspace Alignment},
 booktitle = {ICCV},
 year = {2013},
} 

@inproceedings{lmnn,
  author = {Kilian Q. Weinberger and John Blitzer and Lawrence K. Saul},
  title = {Distance metric learning for large margin nearest neighbor classification},
  booktitle = {NIPS},
  year = {2006}
}