@inproceedings{mohamed2011deep,
  title={Deep belief networks using discriminative features for phone recognition},
  author={A.~R.~Mohamed and T.~N.~Sainath and G.~Dahl and B.~Ramabhadran and G.~E.~Hinton and M.~A.~Picheny},
  booktitle={(ICASSP)},
  pages={5060--5063},
  year={2011}
}

@book{manning2008introduction,
  title={Introduction to information retrieval},
  author={Manning, Christopher D and Raghavan, Prabhakar and Sch{\"u}tze, Hinrich},
  volume={1},
  year={2008},
  publisher={Cambridge university press Cambridge}
}


@article{kalman1960new,
  title={A new approach to linear filtering and prediction problems},
  author={Kalman, R.E.},
  journal={Journal of Basic Engineering},
  volume={82},
  number={1},
  pages={35--45},
  year={1960}
}
@inproceedings{beetzIcra2010,
  title={Understanding and executing instructions for everyday manipulation tasks from the world wide web},
  author={Tenorth, Moritz and Nyga, Daniel and Beetz, Michael},
  booktitle={Robotics and Automation (ICRA), 2010 IEEE International Conference on},
  pages={1486--1491},
  year={2010},
  organization={IEEE}
}


@inproceedings{nikolaidis2013human,
  title={Human-robot collaboration in manufacturing: Quantitative evaluation of predictable, convergent joint action},
  author={S.~Nikolaidis and P.~Lasota and G.~Rossano and C.~Martinez and T.~Fuhlbrigge and J.~Shah},
  booktitle={Intl. Sym. on Robotics},
  year={2013}
}

@article{coyneCosli,
  title={Collecting spatial information for locations in a text-to-scene conversion system},
  author={Rouhizadeh, Masoud and Bauer, Daniel and Coyne, Robert Eric and Rambow, Owen C and Sproat, Richard},
  year={2011},
  journal={Computational Models for Spatial Languages}
}

@inproceedings{guadarramaRss2014,
  title={Open-vocabulary object retrieval},
  author={Guadarrama, Sergio and Rodner, Erik and Saenko, Kate and Zhang, Ning and Farrell, Ryan and Donahue, Jeff and Darrell, Trevor},
  year={2014},
  organization={RSS}
}


@article{openease,
  title={“OPEN-EASE — A Knowledge Processing Service for Robots and Robotics/AI Researchers},
  author={M.~Beetz and M.~Tenorth and J.~Winkler},
  volume={74},
  journal={TZI Technical Report},
  year={2014},
}


@inproceedings{chen_iccv13,
    Author = {X. Chen and A. Shrivastava and A. Gupta},
    Title = {{NEIL}: {E}xtracting {V}isual {K}nowledge from {W}eb {D}ata},
    Booktitle = {ICCV},
    Year = 2013,
}

@inproceedings{dong2014knowledge,
  title={Knowledge Vault: A Web-scale approach to probabilistic knowledge fusion},
  author={Dong, X.L. and Strohmann, T. and Sun, S. and Zhang, W.},
  booktitle = kdd,
  year = 2014,
}


@inproceedings{saxena_sound_icra09,
  title={Learning Sound Location from a Single Microphone},
  author={Saxena, A. and Ng, A.Y.},
  booktitle={ICRA},
  year={2009}
}

@inproceedings{wulenzsaxena2014_hierarchicalrgbdlabeling,
  title="Hierarchical Semantic Labeling for Task-Relevant RGB-D Perception",
  author="C. Wu and I. Lenz and A. Saxena",
  year="2014",
  booktitle="RSS",
}

@inproceedings{ Ratliff06,
  title={Maximum margin planning},
  author={N.~Ratliff and J.~A.~Bagnell and M.~Zinkevich},
  booktitle=icml,
  year={2006}
}

@inproceedings{gemici-saxena-learninghaptic_food_2014,
  title={Learning Haptic Representation for Manipulating Deformable Food Objects},
  author={M. Gemici and A. Saxena},
  year={2014},
  booktitle={IROS}
}


@inproceedings{ Ziebart09,
  title={Planning-based prediction for pedestrians},
  author={B.~D.~Ziebart and N.~Ratliff and G.~Gallagher and C.~Mertz and K.~Peterson and J.~A.~Bagnell and M.~Hebert and A.~K.~Dey and S.~Srinivasa},
  booktitle=iros,
  year={2009}
}

@inproceedings{freebase2008,
  title={Freebase: a collaboratively created graph database for structuring human knowledge},
  author={Bollacker, K. and Evans, C. and Paritosh, P. and Sturge, T. and Taylor, J.},
  booktitle=sigmod,
  pages={1247--1250},
  year={2008}
}

@inproceedings{nell2010,
  title={Toward an Architecture for Never-Ending Language Learning.},
  author={Carlson, A. and Betteridge, J. and Kisiel, B. and Settles, B. and Hruschka Jr, E. R. and Mitchell, T. M},
  booktitle=aaai,
  volume={5},
  pages={3},
  year={2010}
}

@inproceedings{jiang2012humancontext,
 title={Learning Object Arrangements in 3D Scenes using Human Context},
 author={Yun Jiang and Marcus Lim and Ashutosh Saxena},
 year={2012},
 booktitle={ICML}
}

@inproceedings{jiang-hallucinatinghumans-labeling3dscenes-cvpr2013,
  title={Hallucinated Humans as the Hidden Context for Labeling 3D Scenes},
  author={Y. Jiang and H. Koppula and A. Saxena},
  year={2013},
  booktitle=cvpr
}


@inproceedings{imagenet2009,
  title={Imagenet: A large-scale hierarchical image database},
  author={Deng, J. and Dong, W. and Socher, R. and Li, L-J and Li, K. and Fei-Fei, Li},
  booktitle=cvpr,
  ppages={248--255},
  year={2009}
}

@book{wordnet1998,
  title={WordNet},
  author={Fellbaum, C.},
  year={1998},
  publisher={Wiley Online Library}
}


@article{yago22013,
  title={YAGO2: a spatially and temporally enhanced knowledge base from Wikipedia},
  author={Hoffart, J. and Suchanek, F. M and Berberich, K. and Weikum, G.},
  journal={Artificial Intelligence},
  volume={194},
  pages={28--61},
  year={2013}
}

@article{ferrucci2010,
  title={Building Watson: An overview of the DeepQA project},
  author={Ferrucci, D. and Brown, E. and Chu-Carroll, J. and Fan, J. and Gondek, D. and Kalyanpur, A. and Lally, A. and Murdock, J. W. and Nyberg, E. and Prager, J. and others},
  journal={AI magazine},
  volume={31},
  number={3},
  pages={59--79},
  year={2010}
}

@article{cyc1995,
  title={CYC: A large-scale investment in knowledge infrastructure},
  author={Lenat, D. B},
  journal={Communications of the ACM},
  volume={38},
  number={11},
  pages={33--38},
  year={1995},
  publisher={ACM}
}


@inproceedings{deepdive2012,
  title={DeepDive: Web-scale Knowledge-base Construction using Statistical Learning and Inference.},
  author={Niu, F. and Zhang, C. and R{\'e}, C. and Shavlik, J. W.},
  booktitle={VLDS},
  pages={25--28},
  year={2012}
}


@inproceedings{yago2007,
  title={Yago: a core of semantic knowledge},
  author={Suchanek, F. M. and Kasneci, G. and Weikum, G.},
  booktitle=www,
  pages={697--706},
  year={2007}
}

@inproceedings{zhu2014,
  title={Reasoning about Object Affordances in a Knowledge Base Representation},
  author={Zhu, Y. and Fathi, A. and Fei-Fei, Li},
  booktitle=eccv,
  ppages={408--424},
  year={2014}
}

@book{dbpedia2007,
  title={Dbpedia: A nucleus for a web of open data},
  author={Auer, S. and Bizer, C. and Kobilarov, G. and Lehmann, J. and Cyganiak, R. and Ives, Z.},
  year={2007},
  publisher={Springer}
}

@inproceedings{le2013,
  title={Building high-level features using large scale unsupervised learning},
  author={Le, Q.},
  booktitle={ICASSP},
  pages={8595--8598},
  year={2013}
}

@article{ferrucci2012a,
  title={Introduction to this is watson},
  author={Ferrucci, D. A.},
  journal={IBM J. of RnD},
  volume={56},
  number={3.4},
  pages={1--1},
  year={2012}
}

@article{Jain14,
  title={PlanIt: A Crowdsourced Approach for Learning to Plan Paths from Large Scale Preference Feedback},
  author={A.~Jain and D.~Das and J.~K.~Gupta and A.~Saxena},
  journal={arXiv preprint arXiv:1406.2616},
  year={2014}
}

@inproceedings{CakmakIROS11,
  author    = {Cakmak, M. and Srinivasa, S. S. and Lee, M. K. and Forlizzi, J. and  Kiesler, S.B.},
  title     = {Human preferences for robot-human hand-over configurations},
  booktitle = iros,
  year={2011}
}

@article{koppula-anticipatoryplanning-iser2014,
  title={Anticipatory Planning for Human-Robot Teams},
  author={Koppula, H. and Jain, A. and Saxena, A.},
  year={2014},
  journal=iser
}

@inproceedings{misra2014tell,
  title={Tell me Dave: Context-sensitive grounding of natural language to mobile manipulation instructions},
  author={Misra, D.K. and Sung, J. and Lee, K. and Saxena, A.},
  booktitle=rss,
  year={2014}
}

@inproceedings{tellex2011understanding,
  title={Understanding Natural Language Commands for Robotic Navigation and Mobile Manipulation.},
  author={Tellex, S. and Kollar, T. and Dickerson, S. and Walter, M. R. and Banerjee, A. G. and Teller, S. J. and Roy, N.},
  booktitle=aaai,
  year={2011}
}

@inproceedings{bollini2012,
  title={Interpreting and Executing Recipes with a Cooking Robot, International Symposium on Experimental Robotics },
  author={Bollini, M. and Tellex, S. and Thompson, T. and Roy, N. and Rus, D.},
  booktitle=iser,
  year={2012}
}


@inproceedings{KoppulaRSS2013,
  title={Anticipating Human Activities using Object Affordances for Reactive Robotic Response},
  author={Koppula, H.S. and Saxena, A.},
  year={2013},
  booktitle=rss
}

@inproceedings{lai:icra11a,
  author = {K. Lai and L. Bo and X. Ren and D. Fox},
  title = {{A Large-Scale Hierarchical Multi-View RGB-D Object Dataset}},
  booktitle = icra,
  year = {2011}
}

@inproceedings{guptaECCV14,
  author = {Gupta, S. and Girshick, R. and Arbelaez, P. and Malik, J.},
  title = {Learning Rich Features from {RGB-D} Images for Object Detection and Segmentation},
  booktitle = eccv,
  year = {2014},
}

@inproceedings{KitaniECCV2012,
   author = "K. Kitani and B. D. Ziebart and J. A. Bagnell and M. Hebert",
   title = "Activity Forecasting",
   booktitle = eccv,
    year = "2012",
}

@article{KoppulaIJRR2012,
  author    = {A. Anand and
               H. S. Koppula and
               T. Joachims and
               A. Saxena},
  title     = {Contextually Guided Semantic Labeling and Search for 3D
               Point Clouds},
  journal   = ijrr,
  year      = {2012}
}


@article{DolgovIJRR10,
  author    = {D. Dolgov and
               S. Thrun and
               M. Montemerlo and
               J. Diebel},
  title     = {Path Planning for Autonomous Vehicles in Unknown Semi-structured Environments},
  journal   = ijrr,
  year      = {2010},
  volume    = {29},
  number    = {5},
}

@inproceedings{LevinsonICRA11,
  author    = {J. Levinson and
               J. Askeland and
               J. Dolson and
               S. Thrun},
  title     = {Traffic light mapping, localization, and state detection for autonomous
               vehicles},
  booktitle = icra,
  year      = {2011},
 }

@article{BurgardIS11,
  author    = {W. Burgard and
               D. Fox and
               S. Thrun},
  title     = {Probabilistic State Estimation Techniques for Autonomous and Decision
               Support Systems},
  journal   = {Informatik Spektrum},
  year      = {2011},
  volume    = {34},
  number    = {5},
}



@INPROCEEDINGS{Kuderer-RSS-12,
    AUTHOR    = {M. Kuderer AND H. Kretzschmar AND C. Sprunk AND W. Burgard},
    TITLE     = {Feature-Based Prediction of Trajectories for Socially Compliant Navigation},
    BOOKTITLE = rss,
    YEAR      = {2012},
}


@inproceedings{ptf_cvpr2014,
   author="J. Walker and A. Gupta and M. Hebert",
   title="Patch to the Future: Unsupervised Visual Prediction",
   booktitle=cvpr,
   year="2014"
}


@inproceedings{delaitre2012,
  author = {Delaitre, V. and Fouhey, D. and Laptev,
            I. and Sivic, J. and Gupta, A. and Efros, A.},
  title = {Scene semantics from long-term observation of people},
  booktitle = eccv,
  year = {2012},
}

@article{jia-3d-stability-pami,
  title={3D Reasoning from Blocks to Stability},
  author={Z. Jia and A. Gallagher and A. Saxena and T. Chen},
  year={2014},
  journal=pami
}


@inproceedings{KoppulaECCV14,
  author = {H.S. Koppula and A. Saxena},
  title = {Physically Grounded Spatio-Temporal Object Affordances},
  booktitle = eccv,
  year = {2013},
}

@INPROCEEDINGS{McManus-RSS-14,
    AUTHOR    = {C. McManus AND B. Upcroft AND P. Newman},
    TITLE     = {Scene Signatures: Localised and Point-less Features for Localisation},
    BOOKTITLE = rss,
    YEAR      = {2014},
}

@inproceedings{NaseerAAAI14,
  author    = {T. Naseer and
               L. Spinello and
               W. Burgard and
               C. Stachniss},
  title     = {Robust Visual Robot Localization Across Seasons Using Network Flows},
  booktitle = aaai,
  year      = {2014}
}

@article{KatzAR14,
  author    = {D. Katz and
               A. Venkatraman and
               M. Kazemi and
               J. A. Bagnell and
               A. Stentz},
  title     = {Perceiving, learning, and exploiting object affordances for autonomous
               pile manipulation},
  journal   = {Autonomous Robots},
  year      = {2014},
  volume    = {37},
  number    = {4},
}

@inproceedings{lenz2013_deeplearning_roboticgrasp,
  title={Deep Learning for Detecting Robotic Grasps},
  author={I. Lenz and H. Lee and A. Saxena},
  year={2013},
  booktitle=rss
}

@article{SilverIJRR10,
  author    = {D. Silver and
               J. A. Bagnell and
               A. Stentz},
  title     = {Learning from Demonstration for Autonomous Navigation in Complex Unstructured
               Terrain},
  journal   = {I. J. Robotic Res.},
  year      = {2010},
  volume    = {29},
  number    = {12},
}

@article{KoberML11,
  author    = {J. Kober and
               J. Peters},
  title     = {Policy search for motor primitives in robotics},
  journal   = {Machine Learning},
  year      = {2011},
  volume    = {84},
  number    = {1-2},
 }


@article{AbbeelIJRR10,
  author    = {P. Abbeel and
               A. Coates and
               A. Y. Ng},
  title     = {Autonomous Helicopter Aerobatics through Apprenticeship Learning},
  journal   = ijrr,
  year      = {2010},
  volume    = {29},
  number    = {13},
  }


@inproceedings{Maitin-ShepardICRA10,
  author    = {J.M. Shepard and
               M.C. Towner and
               J. Lei and
               P. Abbeel},
  title     = {Cloth grasp point detection based on multiple-view geometric cues
               with application to robotic towel folding},
  booktitle = icra,
  year      = {2010},
}

@inproceedings{KnepperICRA13,
  author    = {R. A. Knepper and
               T. Layton and
               J. Romanishin and
               D. Rus},
  title     = {IkeaBot: An autonomous multi-robot coordinated furniture assembly
               system},
  booktitle = icra,
  year      = {2013},
 }


@inproceedings{DraganRSS13,
   author = "A. Dragan and S. Srinivasa",
   title = "Generating Legible Motion",
   booktitle = rss,
   month = "June",
   year = "2013",
}

@inproceedings{SchulmanRSS13,
  author    = {J. Schulman and
               J.  Ho and
               A. X. Lee and
               I. Awwal and
               H. Bradlow and
               P. Abbeel},
  title     = {Finding Locally Optimal, Collision-Free Trajectories with Sequential
               Convex Optimization},
  booktitle = rss,
  year      = {2013},

}

@article{ZuckerCHOMP13,
  author    = {M. Zucker and
               N. D. Ratliff and
               A. D. Dragan and
               M. Pivtoraiko and
               M. K. and
               C. M. Dellin and
               J. A. Bagnell and
               S. S. Srinivasa},
  title     = {{CHOMP:} Covariant Hamiltonian optimization for motion planning},
  journal   = ijrr,
  year      = {2013},
  volume    = {32},
  number    = {9-10},
}

@article{rintanen2012planning,
  title={Planning as satisfiability: Heuristics},
  author={Rintanen, J.},
  journal={Artificial Intelligence},
  volume={193},
  pages={45--86},
  year={2012},
}

@inproceedings{kautz1992planning,
  title={Planning as Satisfiability.},
  author={Kautz, H. and Selman, B. and others},
  booktitle={ECAI},
  volume={92},
  year={1992}
}

@inproceedings{edelkamp2009optimal,
  title={Optimal Symbolic Planning with Action Costs and Preferences.},
  author={Edelkamp, S. and Kissmann, P.},
  booktitle=ijcai,
  year={2009}
}

@inproceedings{alami2006toward,
  title={Toward Human-Aware Robot Task Planning.},
  author={Alami, R. and Clodic, A. and Montreuil, V. and Sisbot, E. A. and Chatila, R.},
  booktitle={AAAI Spring Symposium: To Boldly Go Where No Human-Robot Team Has Gone Before},
  year={2006}
}

@inproceedings{KnepperICRA13a,
  author    = {R. A. Knepper and
               D. Rus},
  title     = {On the completeness of ensembles of motion planners for decentralized planning},
  booktitle = icra,
  year      = {2013},
}

@article{GielniakIJRR13,
  author    = {M. J. Gielniak and
               C. Karen Liu and
               A. L. Thomaz},
  title     = {Generating human-like motion for robots},
  journal   = ijrr,
  year      = {2013},
  volume    = {32},
  number    = {11},
}

@inproceedings{LasotaCASE14,
  author    = {P. A. Lasota and
               G. F. Rossano and
               J. A. Shah},
  title     = {Toward safe close-proximity human-robot interaction with standard industrial robots},
  booktitle = {CASE},
  year      = {2014},
}

@inproceedings{NikolaidisISR10,
  author    = {S. Nikolaidis and
               P. A. Lasota and
               G. F. Rossano and
               C. Martinez and
               T. A. Fuhlbrigge and
               J. A. Shah},
  title     = {Human-robot collaboration in manufacturing: Quantitative evaluation of predictable, convergent joint action},
  booktitle = {ISR},
  year      = {2013},
}

@inproceedings{TellexRSS14,
  author    = {S. Tellex and R. Knepper and A. Li and D. Rus and N. Roy},
  title     = {Asking for Help Using Inverse Semantics},
  booktitle = rss,
  year      = {2014},
}



@article{NikolaidisCoRR14,
  author    = {S. Nikolaidis and
               K. Gu and
               R. Ramakrishnan and
               J. A. Shah},
  title     = {Efficient Model Learning for Human-Robot Collaborative Tasks},
  journal   = {CoRR},
  year      = {2014},
  volume    = {abs/1405.6341},
}


@inproceedings{jainsaxena2013_trajectorypreferences,
  title="Learning Trajectory Preferences for Manipulators via Iterative Improvement",
  author="A. Jain and B. Wojcik and T. Joachims and A. Saxena",
  year="2013",
  booktitle=nips
}

@inproceedings{jain_contextdrivenpathplanning_2013,
  title={Beyond geometric path planning: Learning context-driven trajectory preferences via sub-optimal feedback},
  author={A. Jain and S. Sharma and A. Saxena},
  year={2013},
  booktitle=isrr
}

@Inproceedings{ Mainprice13,
  title={Human-Robot Collaborative  Manipulation Planning Using Early Prediction of Human Motion},
  author={J.~Mainprice and D.~Berenson},
  booktitle=iros,
  year={2013}
}

@inproceedings{KretzschmarICRA14,
  author    = {H. Kretzschmar and
               M. Kuderer and
               W. Burgard},
  title     = {Learning to predict trajectories of cooperatively navigating agents},
  booktitle = icra,
  year      = {2014},
}

@inproceedings{ZiebartAAAI08,
  author    = {B. D. Ziebart and
               A. L. Maas and
               J. A. Bagnell and
               A. K. Dey},
  title     = {Maximum Entropy Inverse Reinforcement Learning},
  booktitle = aaai,
  year      = {2008},
}

@inproceedings{RatliffICHR07,
  author    = {N. D. Ratliff and
               J. A. Bagnell and
               S. S. Srinivasa},
  title     = {Imitation learning for locomotion and manipulation},
  booktitle = { Int. Conf. on Humanoid Robots},
  year      = {2007},
}

@inproceedings{BolliniISER12,
  author    = {M. Bollini and S. Tellex and T. Thompson and M. Roy and D. Rus},
  title     = {Interpreting and Executing Recipes with a Cooking Robot},
  booktitle = {ISER},
  year      = {2012},
  }

  @article{KIVA,
  author    = {R. D. Andrea},
  title     = {Guest editorial: A Revolution in the Warehouse: A
Retrospective on KIVA systems and the Grand Challenges Ahead},
  journal = {IEEE Tran. on Automation Science and Engineering (T-ASE)},
  year      = {2012},
   volume    = {9},
   number={4}
  }

  @article{RoboEarth,
 author={M. Waibel and M. Beetz and R. D'Andrea and R. Janssen and M. Tenorth and J. Civera and J. Elfring and D. G\'alvez-L\'opez and K. H\"aussermann and J. Montiel and A. Perzylo and B. Schie{\ss}le and A. Zweigle and R. van de Molengraft},
  title     = {RoboEarth: A World Wide Web for Robots},
  journal = {IEEE Robotics \& Automation Magazine},
  year      = {2011},
   vvolume    = {18},
   nnumber={2}
  }

@article{ Russell08,
  title={LabelMe: a database and web-based tool for image annotation},
  author={B.~C.~Russell and A.~Torralba and K.~P.~Murphy and W.~T.~Freeman},
  journal="IJCV",
  volume={77},
  number={1-3},
  year={2008}
}

@inproceedings{ Beetz11,
    title={Robotic roommates making pancakes},
    author={M.~Beetz and U.~Klank and I.~Kresse and A.~Maldonado and L.~Mosenlechner and D.~Pangercic and T.~Ruhr and M.~Tenorth},
    booktitle={Humanoids},
    pages={529--536},
    year={2011},
    organization={IEEE}
}




@misc{rrrROS,
      title  = "Robot Operating System",
      author = {ROS},
      howpublished    = {\url{ ``http://www.ros.org/"}}
}

@inproceedings{Quigley09,
  author    = {M. Quigley and B. Gerkey and K. Conley and J. Faust and T. Foote and J. Leibs and
E. Berger and R. Wheeler and A. Ng},
  title     = {ROS: an open-source Robot Operating System},
  booktitle = {ICRA Workshop on Open Source Software},
  year      = {2009},
  }


  @inproceedings{Lan14,
  author    = {T. Lan and T.C. Chen and S. Savarese},
  title     = {A Hierarchical Representation for Future Action Prediction},
  booktitle = eccv,
  year      = {2014},
  }

@misc{cypher,
      title  = "Cypher",
      author = {neo4j},
      howpublished    = {\url{ ``http://neo4j.com/docs/stable/cypher-query-lang.html"}}
}

@inproceedings{guadarrama2013grounding,
  title={Grounding spatial relations for human-robot interaction},
  author={Guadarrama, S. and Riano, L. and Golland, D. and Gouhring, D. and Jia, Y. and Klein, D. and Abbeel, P. and Darrell, T.},
  booktitle=iros,
  pages={1640--1647},
  year={2013},
}

@inproceedings {MatuszekISER2012,
   title	= {Learning to Parse Natural Language Commands to a Robot Control System},
   author	= {C. Matuszek and E. Herbst and L. Zettlemoyer and D. Fox},
   booktitle	= {Proc.~of the 13th International Symposium on Experimental Robotics (ISER)},
   month	= {June},
   year		= {2012},
   location	= {Qu\'{e}bec City, Quebec, Canada}
}
