%Journals
@string{jmlr =  "JMLR"}
@string{ijcv =  "IJCV"}
@string{pami =  "IEEE PAMI"}
@string{ijrr =  "IJRR"}

%Vision Conferences
@string{acmmm =  "ACM Multimedia"}
@string{accv =  "Proc. Asian Conf. on Computer Vision"}
@string{ai   =  "Artificial Intelligence"}
@string{bmvc =  "BMVC."}
@string{cvpr   = "CVPR"}
@string{eccv  = "Proc. ECCV"}
@string{iccv =  "ICCV"}

%ML Conferences
@string{aistats = "AISTATS"}
@string{colt = "COLT"}
@string{icml = "ICML"}
@string{kdd = "KDD"}
@string{uai = "UAI"}
@string{icmlwiil = "ICML Workshop on IIL"}
@string{nips = "NIPS"}
@string{nipso = "NIPS Workshop on Perturbations, Optimization, and Statistics"}
@string{aaai = "AAAI"}
%Robotics Conferences
@string{rss = "RSS"}
@string{iros =  "IROS"}
@string{icra =  "ICRA"}

%Related Conferences
@string{www = "WWW"}
@string{sigir = "SIGIR"}

%Other
@string{ml =  "ML"}
@string{cdc = "Proc. Intl. Conf. on Decision and Control"}
@string{cviu="CVIU"}
@string{cvgip = "CVGIP"}
@string{cvgipiu="{CVGIP}: Image Understanding"}

@string{acmtois = "ACM TOIS"}
@string{ecml  = "Proc. ECML"}
@string{accv =	"ACCV"}
@string{humanoids = "Humanoids"}
@string{icpr =  "Proc. ICPR"}
@string{isrr = "ISRR"}
@string{hri = "HRI"}
@string{ijsr = "IJSR"}
@string{ijcai = "IJCAI"}
@string{lncs = "LNCS"}
@string{mit  =  "MIT Press"}
@string{pnas = "Proc. Nat. Acad. Sci. USA"}
@string{mva =   "Machine Vision and Applications"}
@string{prl = "PRL"}
@string{prsl =  "Proc. of the Royal Society of London"}
@string{royalstat = "Journal of the Royal Statistical Society"}
@string{sibgraph = "Proc. SIBGRAPH"} % [sic]
@string{siggraph = "Proc. ACM SIGGRAPH"}
@string{tcomputer = "IEEE Trans. Comput."}
@string{wacv =  "Proc. WACV"}
@string{SPIE = "SPIE Conferences"}
@string{tro = "{IEEE} TRO"}
@string{tip =  "{IEEE} TIP"}
@string{jvcir = "Journal of Visual Communication and Image Representation"}
@string{icip = "ICIP"}
@string{SP:IC = "Signal Processing: Image Communication"}
@string{DARPA = "Image Understanding Workshop (DARPA)"}
@string{JOSA-A = "Journal of the Optical Society of America"}
@string{PIEEE = "Proceedings of IEEE"}
@string{CirSysVideo = "IEEE TCSVT"}
@string{IEEENN = "IEEE TNN"}

      % ------------- strings definition ------------
          % I think months should be set to the null in shortstrings

@string{jan = ""}
@string{feb = ""}
@string{mar = ""}
@string{apr = ""}
@string{may = ""}
@string{jun = ""}
@string{jul = ""}
@string{aug = ""}
@string{sep = ""}
@string{oct = ""}
@string{nov = ""}
@string{dec = ""}
