%Journals
@string{jmlr =  "Journal of Machine Learning Research"}
@string{ijcv =	"International Journal of Computer Vision"}
@string{pami =  "{IEEE} Transactions on Pattern Analysis and Machine Intelligence"}
@string{ijrr =	"International Journal of Robotics Research"}
@string{tro =  "{IEEE} Transactions on Robotics"}
@string{tip =  "{IEEE} Transactions on Image Processing"}

%Vision Conferences
@string{acmmm =	"Proceedings of ACM Multimedia"}
@string{accv =  "Proc. Asian Conf. on Computer Vision"}
@string{ai   =  "Artificial Intelligence"}
@string{bmvc =	"Proceedings of the British Machine Vision Conference"}
@string{cvpr   = "Proceedings of the IEEE Conference on Computer Vision and Pattern Recognition"}
@string{eccv  = "Proceedings of the European Conference on Computer Vision"}
@string{iccv =	"Proceedings of the International Conference on Computer Vision"}

%ML Conferences
@string{aistats = "Proceedings of the International Conference on Artificial Intelligence and Statistics"}
@string{colt = "Proceedings of the Workshop on Computational Learning Theory"}
@string{icml = "Proceedings of the International Conference on Machine Learning"}
@string{kdd = "Proceedings of the ACM Special Interest Group on Knowledge Discovery and Data Mining"}
@string{uai = "Proceedings of the Conference on Uncertainty in Artificial Intelligence"}
@string{icmlwiil = "ICML Workshop on Interactions between Inference and Learning"}
@string{nips = "Advances in Neural Information Processing Systems"}
@string{nipso = "NIPS Workshop on Perturbations, Optimization, and Statistics"}
@string{aaai = "Conference on Artificial Intelligence"}
%Robotics Conferences
@string{rss =	"Proceedings of Robotics: Science and Systems"}
@string{iros =  "Proceedings of the {IEEE/RSJ} Conference on Intelligent Robots and Systems"}
@string{icra =	"Proceedings of the International Conference on Robotics and Automation"}

%Related Conferences
@string{www = "Proceedings of the International Conference on World Wide Web"}
@string{sigir = "Proceedings of the ACM SIGIR Conference on Information Retrieval"}

%Other
@string{ml =  "Machine Learning"}
@string{cdc = "Proceedings of the International Conference on Decision and Control"}
@string{cviu="Computer Vision and Image Understanding"}
@string{cvgip =	"Computer Vision, Graphics and Image Processing"}
@string{cvgipiu="{CVGIP}: Image Understanding"}
@string{acmtois = "ACM Transactions on Information Systems"}
@string{ecml = "Proceedings of the European Conference on Machine Learning"}
@string{accv =	"Proceedings of the Asian Conference on Computer Vision"}
@string{humanoids="IEEE International Conference on Humanoid Robots"}
@string{icpr =	"Proceedings of the International Conference on Pattern Recognition"}
@string{isrr =	"Proceedings of the International Symposium on Robotics Research"}
@string{hri = "Human Robot Interaction"}
@string{ijsr = "International Journal of Social Robotics"}
@string{ijcai =	"Proceedings of the International Joint Conference on Artificial Intelligence"}
@string{lncs =  "Lecture Notes in Computer Science"}
@string{mit  =  "MIT Press"}
@string{pnas = "Proceedings of the National Academy of Sciences, U.S.A."}
@string{mva =	"Machine Vision and Applications"}
@string{prl = "Pattern Recognition Letters"}
@string{prsl =  "Proceedings of the of the Royal Society of London"}
@string{royalstat = "Journal of the Royal Statistical Society"}
@string{sibgraph = "Proceedings of the SIBGRAPH Conference on Computer Graphics, Image Processing and Vision"} % [sic]
@string{siggraph = "Proceedings of the ACM SIGGRAPH Conference on Computer Graphics"}
@string{tcomputer = " {IEEE} Transactions on Computers."}
@string{wacv =  "Proceedings of the {IEEE} Workshop on Applications of Computer Vision"}
@string{SPIE = "SPIE Conferences"}
@string{jvcir = "Journal of Visual Communication and Image Representation"}
@string{icip = "Proceedings of the IEEE International Conference on Image Processing"}
@string{SP:IC = "Signal Processing: Image Communication"}
@string{DARPA = "Image Understanding Workshop (DARPA)"}
@string{JOSA-A = "Journal of the Optical Society of America"}
@string{PIEEE = "Proceedings of IEEE"}
@string{CirSysVideo = "IEEE Trans. Circuits and Systems for Video Technology"}
@string{IEEENN = "IEEE Trans. Neural Networks"}



		% ------------- strings definition ------------
@string{jan = "January"}
@string{feb = "February"}
@string{mar = "March"}
@string{apr = "April"}
@string{may = "May"}
@string{jun = "June"}
@string{jul = "July"}
@string{aug = "August"}
@string{sep = "September"}
@string{oct = "October"}
@string{nov = "November"}
@string{dec = "December"}
